2034 3216
121 1078 175 1119 10

118 1598 171 1638 15

113 2058 170 2098 20

113 2502 168 2543 25

215 144 289 198 30
883 146 1162 191 ΚΩΝΙΚΩΝ
1194 144 1257 190 δ’.

212 267 278 337 τῇ
324 270 472 320 AM.
558 264 650 320 καὶ
699 260 765 320 ὃν
813 263 916 335 μὲν
963 268 1074 336 ἔχει
1119 264 1295 336 λόγον
1341 261 1376 335 ἡ
1424 271 1550 320 ΑΔ
1594 267 1736 337 πρὸς
1781 273 1919 337 ΔΒ,

213 354 377 426 ἐχέτω
403 350 436 424 ἡ
464 358 586 408 ΑΚ
603 353 745 425 πρὸς
767 359 898 424 ΚΒ,
925 350 994 410 ὃν
1022 352 1085 409 δὲ
1109 358 1218 425 ἔχει
1243 352 1417 425 λόγον
1441 353 1476 425 ἡ
1503 358 1606 409 ΓΔ
1628 353 1765 428 πρὸς
1790 362 1918 427 ΔΘ,

212 443 376 514 ἐχέτω
424 440 458 513 ἡ
502 447 622 498 ΓΗ
658 441 798 516 πρὸς
837 448 962 498 ΗΘ.
1043 444 1212 515 λέγω,
1262 442 1348 499 ὅτι
1387 440 1421 514 ἡ
1464 441 1559 499 διὰ
1599 447 1715 500 τῶν
1755 450 1826 515 Κ,
1858 450 1925 500 H

212 542 570 603 συμπεσεῖται
609 534 676 605 τῇ
717 534 876 605 τομῇ,
916 532 1007 587 καὶ
1049 535 1113 587 αἱ
1146 532 1254 587 ἀπὸ
1295 534 1396 588 τοῦ
1427 538 1484 587 A
1523 532 1611 588 ἐπὶ
1647 533 1746 599 τὰς
1786 548 1919 604 συμ-

210 619 445 686 πτώσεις
483 620 796 698 ἐφάψονται
835 624 934 692 τῆς
970 623 1154 692 τομῆς.

322 710 438 765 ἐπεὶ
480 709 588 782 γὰρ
627 708 691 766 τὸ
732 716 787 765 Δ
828 709 982 775 ἐντός
1022 713 1136 766 ἐστι
1181 712 1279 781 τῆς
1318 707 1426 766 ὑπὸ
1468 713 1582 766 τῶν
1622 709 1916 782 ἀσυμπτώ-

209 821 323 854 των
378 799 773 871 περιεχομένης
819 803 1054 870 γωνίας,
1113 799 1360 855 δυνατὸν
1406 797 1513 856 ἀπὸ
1560 803 1663 855 τοῦ
1709 806 1765 855 Δ
1812 799 1916 856 δύο

209 889 597 960 ἐφαπτομένας
659 887 906 960 ἀγαγεῖν.
1009 889 1278 960 ἤχθωσαν
1342 891 1402 944 αἱ
1455 895 1594 960 ΔΕ,
1634 895 1771 960 ΛΖ,
1824 890 1918 945 καὶ

209 977 518 1049 ἐπεζεύχθω
559 975 593 1049 ἡ
628 983 754 1032 ΕΖ·
796 976 1075 1033 ἐλεύσεται
1110 976 1179 1049 δὴ
1213 976 1305 1033 διὰ
1338 980 1452 1033 τῶν
1484 983 1555 1048 Κ,
1579 984 1646 1033 Η
1669 982 1915 1086 σημείων

210 1069 286 1135 [εἰ
321 1088 428 1138 γαρ
469 1066 563 1138 μή,
602 1063 636 1137 ἢ
681 1065 774 1121 δια
814 1070 916 1122 τοῦ
959 1066 1082 1132 ἑνὸς
1122 1064 1307 1123 αὐτῶν
1349 1066 1630 1123 ἐλεύσεται
1668 1067 1848 1140 μόνου
1877 1064 1912 1139 ἢ

209 1153 285 1210 δι’
323 1152 661 1227 οὐδετέρου]
739 1159 791 1211 εἰ
827 1178 930 1228 μεν
968 1155 1076 1228 γὰρ
1119 1154 1194 1211 δι’
1240 1155 1364 1223 ἑνὸς
1404 1155 1593 1212 αὐτῶν
1632 1158 1837 1229 μόνον,
1878 1155 1913 1229 ἡ

208 1243 367 1313 ἑτέρα
412 1247 526 1299 τῶν
574 1241 817 1300 εὐθειῶν
866 1248 945 1310 εἰς
989 1243 1089 1301 τὸν
1137 1243 1310 1301 αὐτὸν
1357 1244 1530 1317 λόγον
1568 1245 1913 1318 τμηθήσεται

206 1330 339 1387 καθ’
377 1334 568 1403 ἕτερον
618 1345 872 1405 σημεῖον·
927 1332 1060 1405 ὅπερ
1094 1332 1403 1390 ἀδύνατον·
1451 1337 1502 1390 εἰ
1541 1334 1603 1391 δὲ
1643 1334 1718 1390 δι’
1757 1333 1914 1391 οὐδε-

206 1423 390 1495 τέρου,
432 1422 514 1478 ἐπ’
554 1419 887 1496 ἀμφοτέρων
927 1421 990 1478 τὸ
1032 1420 1318 1480 ἀδύνατον
1359 1426 1716 1496 συμβήσεται.

1009 1586 1111 1641 ιθ’.

318 1688 597 1760 Εἰλήφθω
656 1688 725 1760 δὴ
774 1688 826 1744 τὲ
883 1696 938 1743 A
985 1700 1219 1761 σημεῖον
1266 1692 1327 1746 ἐν
1373 1693 1439 1762 τῇ
1488 1691 1685 1762 ἐφεξῆς
1728 1695 1911 1766 γωνία

203 1785 301 1848 τῆς
331 1774 433 1834 ὑπέ
473 1786 588 1833 τῶν
622 1775 1003 1850 ἀσυμπτώτων
1026 1778 1435 1852 περιεχομένης,
1467 1780 1559 1835 καὶ
1586 1780 1911 1851 διήχθωσαν

203 1869 268 1920 αἱ
302 1864 519 1922 εὐθεῖαι
557 1868 858 1939 τέμνουσαι
889 1868 989 1933 τὰς
1018 1868 1205 1939 τομάς,
1245 1868 1338 1923 καὶ
1371 1867 1792 1941 διῃρήσθωσαν,
1833 1866 1907 1935 ὡς

201 1961 428 2027 εἴρηται.

314 2046 476 2116 λέγω,
518 2043 602 2101 ὅτι
640 2044 675 2116 ἡ
719 2044 812 2100 διὰ
851 2049 964 2101 τῶν
1006 2051 1079 2117 Κ,
1104 2052 1166 2100 Η
1203 2046 1580 2118 ἐκβαλλομένη
1621 2057 1908 2117 συμπεσεῖ-

202 2156 290 2189 ται
337 2134 566 2208 ἑκατέρα
612 2142 726 2190 τῶν
765 2134 1192 2205 ἀντικειμένων,
1239 2135 1331 2190 καὶ
1372 2137 1434 2190 αἱ
1469 2133 1577 2189 ἀπὸ
1616 2137 1731 2190 τῶν
1771 2150 1907 2206 συμ-

201 2223 466 2279 πτώσεων
507 2223 595 2279 ἐπὶ
634 2221 696 2279 τὸ
735 2229 791 2277 A
831 2222 1145 2294 ἐφάψονται
1184 2231 1299 2279 τῶν
1337 2226 1539 2295 τομῶν.

313 2313 584 2384 ἤχθωσαν
638 2314 746 2383 γὰρ
803 2309 912 2367 ἀπὸ
967 2315 1067 2367 τοῦ
1118 2320 1171 2367 A
1226 2311 1601 2383 ἐφαπτόμεναι
1648 2312 1905 2382 ἑκατέρας

200 2404 314 2455 τῶν
368 2404 556 2471 τομῶν
611 2403 672 2455 αἱ
716 2406 846 2471 ΔΕ,
888 2406 1012 2454 ΔΖ·
1061 2398 1095 2472 ἡ
1152 2398 1260 2471 ἄρα
1316 2399 1409 2455 διὰ
1456 2403 1569 2455 τῶν
1617 2406 1683 2470 Ε,
1716 2406 1762 2455 Ζ
1809 2398 1903 2456 διὰ

201 2492 314 2544 τῶν
345 2494 418 2559 Κ,
443 2494 508 2543 Η
540 2488 834 2544 ἐλεύσεται.
902 2492 953 2544 εἰ
990 2487 1098 2561 γὰρ
1138 2488 1232 2560 μή,
1270 2489 1395 2560 ἤτοι
1435 2487 1530 2543 διὰ
1567 2497 1670 2544 τοῦ
1709 2488 1902 2560 ἑτέρου

202 2576 388 2632 αὐτῶν
435 2574 552 2647 ἥξει
600 2573 633 2648 ἢ
675 2575 748 2632 δι’
788 2577 1114 2650 οὐδετέρου,
1163 2577 1254 2633 καὶ
1300 2576 1470 2632 πάλιν
1517 2574 1722 2648 ὁμοίως
1768 2592 1901 2633 συν-

201 2666 509 2737 αχθήσεται
548 2666 610 2721 τὸ
655 2663 879 2721 ἄτοπον.

319 2834 360 2873 4
393 2826 471 2887 αἱ]
503 2842 549 2885 Ρ,
584 2842 672 2873 om.
703 2826 754 2873 V.
886 2828 950 2886 A]
983 2843 1028 2885 p,
1063 2830 1156 2871 ΔΕ
1187 2828 1242 2873 V.
1389 2833 1459 2874 10.
1493 2826 1539 2872 εἰ
1569 2854 1623 2860 -
1659 2831 1726 2872 11.
1762 2823 1896 2871 ουδε-

198 2886 358 2947 τέρου]
393 2887 539 2933 deleo.
638 2892 707 2932 11.
740 2883 1016 2946 οὐδετέρου]
1043 2901 1158 2945 cvp,
1191 2887 1321 2944 prius
1347 2903 1371 2932 ο
1397 2901 1513 2932 corr.
1542 2902 1603 2933 m.
1625 2891 1646 2930 1
1672 2885 1728 2932 V.
1824 2891 1893 2932 16.

199 2948 261 3006 Δ]
295 2963 339 3004 Ρ,
372 2946 595 3005 τέταρτον
627 2946 684 2992 V.
