2020 3236
160 1129 216 1170 10

158 1575 213 1615 15

155 2020 214 2061 20

250 155 364 208 310
724 158 1164 201 COMMENTARM
1194 157 1479 211 ANTIQUA.

908 308 1026 371 Εἰς
1062 303 1131 361 τὸ
1173 306 1292 376 μη’.

344 406 638 464 ’Ἑστωσαν
664 407 768 464 δύο
794 408 1005 480 μεγέθη
1032 415 1125 464 ἴσα
1147 407 1216 465 τὰ
1241 416 1294 464 A
1303 414 1369 478 Β,
1403 414 1514 464 ΓΔ
1537 408 1628 465 καὶ
1655 407 1950 482 διῃρήσθω

251 500 330 562 εἰς
376 495 547 552 ἄνισα
591 495 730 552 κατὰ
776 495 844 553 τὰ
894 503 969 567 Ε,
1004 503 1062 553 Ζ.
1139 498 1309 569 λέγω,
1350 495 1462 569 ὅτι,
1510 489 1556 572 ᾦ
1595 499 1851 570 διαφέρει
1888 496 1951 554 τὸ

249 593 302 640 Α
314 590 365 639 Ε
391 588 495 641 τοῦ
535 583 654 656 ΖΓ,
693 583 872 661 τούτῳ
915 586 1170 658 διαφέρει
1207 584 1271 642 τὸ
1312 591 1418 641 ΕΒ
1456 594 1560 642 τοῦ
1598 592 1740 666 ΖΔ..

359 677 570 729 κείσθω
608 682 685 750 τῷ
718 679 820 730 ΓΖ
862 682 990 731 ἴσον
1029 678 1092 730 τὸ
1125 680 1265 730 ΑΗ·
1305 676 1368 730 τὸ
1403 680 1530 730 ΕΗ
1560 673 1668 748 ἄρα
1706 674 1954 749 ὑπεροχή

248 764 363 818 ἐστι
407 766 523 819 τῶν
562 768 707 835 ΑΗ,
747 769 886 835 ΑΕ,
932 763 1183 820 τουτέστι
1229 766 1343 819 τῶν
1383 769 1515 836 ΓΖ,
1560 770 1692 819 ΑΕ·
1739 763 1803 820 τὸ
1843 763 1952 836 γὰρ

247 858 300 906 Α
314 856 375 906 Η
408 858 535 908 ἴσον
577 852 692 908 ἐστὶ
731 855 806 927 τῷ
847 857 967 908 ΓΖ.
1037 850 1179 908 ἀλλὰ
1219 852 1312 908 καὶ
1343 851 1405 909 τὸ
1439 859 1548 910 ΑΒ
1579 855 1656 929 τῷ
1688 857 1821 908 ΓΛ·
1860 853 1952 909 καὶ

247 944 447 997 λοιπὸν
488 939 596 1015 ἄρα
634 940 696 997 τὸ
738 946 852 996 ΗΒ
891 944 968 1016 τῷ
1006 948 1118 996 ΖΔ
1157 943 1492 1015 ἐστινῖσον.
1564 939 1706 998 ὥστε
1742 945 1805 998 τὸ
1820 947 1961 1007 ,ΕΗ

246 1027 494 1102 ὑπεροχή
536 1033 651 1086 ἐστι
690 1033 803 1086 τῶν
844 1035 967 1099 ΕΒ,
1002 1036 1126 1086 ΒΗ
1155 1028 1280 1101 ἤτοι
1318 1034 1434 1086 τῶν
1473 1036 1596 1100 ΕΒ,
1629 1035 1752 1086 ΖΔ.

355 1117 519 1175 Ἀλλὰ
553 1118 622 1190 δὴ
655 1123 905 1176 ἔστωσαν
937 1109 974 1174 ὃ
1006 1119 1217 1190 μεγέθη
1249 1117 1316 1174 τὰ
1350 1124 1481 1190 ΑΕ,
1514 1125 1639 1191 ΕΒ,
1671 1123 1790 1189 ΓΖ,
1823 1124 1951 1189 ΖΛ,

246 1208 338 1263 καὶ
389 1207 452 1263 τὸ
501 1213 615 1263 ΑΕ
657 1211 759 1263 τοῦ
805 1213 909 1263 ΓΖ
958 1208 1294 1281 διαφερέτω,
1344 1200 1387 1284 ᾦ
1438 1210 1691 1281 διαφέρει
1735 1211 1798 1264 τὸ
1848 1213 1952 1264 ΕΒ

245 1299 348 1353 τοῦ
388 1303 512 1352 ΖΔ.
581 1297 742 1368 λέγω,
784 1295 870 1353 ὅτι
910 1296 1309 1369 συναμφότερα
1348 1296 1416 1352 τὰ
1453 1302 1621 1352 ΑΕΒ
1662 1312 1952 1369 συναμφο-

245 1387 427 1459 τέροις
465 1398 583 1452 τοῖς
621 1391 740 1457 ΓΖ,
775 1391 884 1441 ΖΔ
924 1387 1075 1442 ἐστιν
1115 1392 1224 1441 ἴσα.

357 1481 570 1530 κείσθω
624 1474 794 1530 πάλιν
841 1478 917 1551 τῷ
966 1479 1068 1529 ΓΖ
1117 1481 1243 1529 ἴσον
1291 1477 1352 1529 τὸ
1395 1479 1534 1528 AH·
1579 1476 1642 1530 τὸ
1681 1478 1805 1528 ΕΗ
1844 1471 1953 1544 ἄρα

246 1560 492 1636 ὑπεροχή
539 1565 654 1618 ἐστι
700 1566 814 1620 τῶν
855 1570 998 1634 ΑΕ,
1033 1568 1148 1618 ΓΖ.
1228 1565 1302 1637 τῷ
1353 1561 1415 1618 δὲ
1463 1559 1613 1637 αὐτῷ
1659 1560 1951 1633 διαφέρειν

250 1650 568 1708 ὑπόκεινται
600 1649 859 1724 ἀλλήλων
890 1651 958 1707 τὰ
990 1658 1118 1722 ΕΛ,
1151 1656 1252 1707 ΓΖ
1283 1650 1375 1706 καὶ
1406 1651 1474 1706 τὰ
1507 1656 1631 1721 ΕΒ,
1657 1656 1788 1705 ΖΔ·
1822 1656 1948 1706 ἴσον

246 1740 355 1812 ἄρα
400 1744 463 1797 τὸ
511 1748 627 1797 ΗΒ
675 1744 751 1817 τῷ
801 1747 927 1796 ΖΔ.
1005 1738 1146 1796 ἀλλὰ
1191 1740 1283 1796 καὶ
1329 1738 1391 1795 τὸ
1434 1744 1560 1794 ΑΗ
1599 1741 1675 1813 τῷ
1718 1743 1838 1794 ΓΖ·
1885 1737 1949 1795 τὸ

247 1836 355 1885 ΑΒ
395 1831 505 1902 ἄρα
544 1833 619 1906 τῷ
661 1835 772 1885 ΓΛ
811 1831 962 1885 ἐστιν
1003 1835 1145 1884 ἴσον.

358 1920 612 1991 φανερὸν
661 1916 757 1989 δή,
815 1916 927 1987 ὅτι,
976 1916 1076 1972 ἐὰν
1122 1919 1346 1988 πρῶτον
1396 1918 1664 1988 δευτέρου
1709 1913 1966 1988 υπερέχῃ,

245 2010 381 2076 τινί,
428 2006 520 2062 καὶ
566 2009 757 2077 τρίτον
803 2003 1067 2077 τετάρτου
1113 2002 1353 2078 ὑπερέχῃ
1407 2006 1485 2079 τῷ
1535 1999 1712 2079 αὐτῷ,
1761 2001 1847 2060 ὅτι
1884 2002 1948 2059 τὸ

245 2097 470 2167 πρῶτον
517 2095 608 2150 καὶ
647 2097 709 2149 τὸ
748 2094 1012 2166 τέταρτον
1054 2100 1146 2148 ἴσα
1186 2093 1301 2148 ἐστὶ
1338 2095 1415 2168 τῷ
1459 2092 1701 2167 δευτέρω
1740 2092 1834 2147 καὶ
1871 2095 1948 2168 τῷ

246 2188 410 2259 τρίτῳ
474 2181 612 2239 κατὰ
666 2181 772 2253 τὴν
822 2182 1177 2253 καλουμένην
1233 2177 1610 2252 ἀριθμητικὴν
1660 2178 1949 2252 μεσότητα.

246 2272 347 2328 ἐὰν
395 2274 503 2343 γὰρ
550 2270 767 2327 τούτων
806 2268 1189 2340 ὑποκειμένων
1228 2267 1469 2341 ὑπάρχῃ,
1510 2265 1586 2333 ὡς
1623 2271 1685 2324 τὸ
1724 2271 1950 2340 πρῶτον

370 2425 410 2463 1.
444 2417 550 2477 μη’]
583 2436 611 2462 ν
643 2419 766 2474 Wp;
809 2418 892 2462 sed
924 2419 985 2463 ad
1017 2432 1148 2475 prop.
1181 2416 1373 2460 XLVIII
1404 2430 1449 2473 p.
1481 2421 1582 2471 272,
1618 2419 1792 2460 13-15
1823 2417 1949 2460 recte

250 2479 435 2523 retssulit
466 2477 641 2523 Comm.
765 2482 807 2522 2.
840 2475 1180 2536 διῃρήσθωσαν
1198 2491 1257 2548 'p.
1379 2480 1421 2521 4.
1459 2475 1566 2533 ΖΔ]
1601 2480 1643 2518 Δ
1675 2489 1789 2520 corr.
1823 2488 1881 2519 ex
1910 2480 1948 2518 A

248 2554 309 2584 m.
345 2544 369 2583 1
402 2538 479 2583 W.
625 2542 665 2581 6.
700 2533 826 2581 ἐστιν
858 2536 935 2581 W.
1071 2549 1310 2580 τουτεστιν
1342 2534 1418 2578 W.
1540 2538 1576 2578 A
1587 2535 1629 2577 E
1663 2559 1716 2566 —
1752 2539 1792 2578 7.
1826 2533 1948 2592 ἴσον]

248 2599 467 2643 lacunam
496 2609 717 2653 magnam
742 2594 858 2651 Wp,
892 2594 1131 2653 suppleuit
1165 2593 1341 2639 Comm.
1477 2598 1518 2637 7.
1552 2588 1676 2637 ἐστίν
1707 2593 1784 2637 W.
1906 2596 1948 2636 8.

250 2657 358 2715 ΖΔ]
391 2672 446 2714 p,
496 2658 531 2699 Z
561 2655 720 2699 insert.
752 2669 812 2699 m.
849 2659 867 2697 1
904 2653 980 2700 W.
1133 2653 1259 2711 ΕΗ]
1300 2667 1354 2709 p,
1403 2654 1444 2695 E
1475 2651 1526 2695 in
1556 2664 1646 2696 ras.
1679 2651 1755 2695 W.
1907 2656 1948 2695 9.

251 2712 377 2761 ἐστιν
409 2715 483 2759 W.
647 2719 715 2759 11.
749 2712 871 2758 Ante
904 2712 956 2757 τό
978 2714 1084 2770 (pr.)
1118 2725 1233 2756 eras.
1268 2726 1320 2756 εσ
1350 2726 1411 2755 m.
1447 2715 1470 2753 1
1504 2709 1579 2754 W.
1720 2709 1825 2768 ΓΖ]
1857 2713 1892 2754 Ζ
1925 2723 1977 2756 e.

249 2789 364 2820 corr.
389 2790 435 2832 p.
543 2771 619 2831 τό]
653 2786 678 2817 e
703 2785 819 2817 corr.
844 2787 889 2827 p,
922 2772 1005 2816 τῶι
1042 2771 1113 2816 W.
1224 2776 1292 2816 13.
1327 2770 1434 2829 ZA]
1468 2774 1511 2812 A
1543 2783 1568 2813 e
1600 2782 1715 2812 corr.
1741 2784 1802 2813 m.
1823 2773 1847 2812 1
1873 2769 1947 2813 W.

311 2839 383 2879 14.
413 2829 466 2877 τό
486 2833 611 2890 (pr.)]
638 2847 684 2889 p,
716 2835 802 2875 τῶι,
832 2829 908 2875 W.
1011 2836 1080 2875 15.
1115 2826 1240 2875 ἔστιν
1263 2830 1338 2873 W.
1439 2823 1591 2888 αὐτῷ]
1616 2843 1662 2884 p,
1695 2823 1855 2871 αὐτῶν
1871 2827 1948 2873 W.

310 2897 379 2936 16.
428 2890 679 2936 ὑπόκειται
719 2888 907 2946 Halley.
1074 2893 1141 2934 18.
1188 2892 1272 2933 ΓΔ
1304 2913 1358 2921 -
1395 2892 1462 2932 19.
1503 2886 1718 2944 πρῶτον]
1765 2885 1818 2931 in
1857 2899 1947 2930 ras.

249 2967 309 2997 m.
346 2958 369 2996 1
403 2951 480 2997 W.
590 2955 657 2996 19.
693 2947 939 3006 δευτέρου]
975 2950 1051 3008 βου
1083 2964 1127 3006 p.
1236 2944 1464 3004 ὑπερέχῃ]
1498 2961 1542 3003 p,
1576 2945 1798 3002 υπερὲχει
1828 2958 1948 2991 corr.
