2046 3224
281 140 474 217 LXXV1
899 149 1365 193 PROLEGOMENA.

282 280 374 322 quo
406 265 606 323 incepit,
654 267 766 310 tunc
807 279 895 323 ego
935 266 1124 311 nomino
1162 278 1541 323 unamquamque
1582 267 1779 312 duarum
1817 271 1977 326 super-

281 332 507 390 ficierum,
540 347 655 389 quas
688 331 907 390 designa-t
938 332 1063 377 linea
1093 332 1309 379 reuoluta
1339 347 1423 391 per
1454 333 1705 379 transitum
1738 348 1896 391 suum,
1927 335 1978 379 et

281 412 592 456 unaquaeque
625 412 820 456 quarum
853 401 927 444 est
964 400 1182 457 opposita
1221 413 1303 444 sue
1336 400 1544 458 compari
1583 402 1632 446 et
1662 400 1977 459 susceptibilis

283 466 542 512 additionis
567 465 766 523 infinite,
791 480 896 511 oum
921 467 1149 512 extractio
1165 466 1288 511 linee
1312 468 1440 512 recte
1465 469 1539 513 est
1562 467 1662 513 sine
1685 468 1791 525 fine,
1817 483 1974 527 super-

238 546 259 579 5
281 532 435 578 ficiem
474 533 732 591 piramidis.
794 534 856 578 Et
893 533 1083 578 nomino
1122 535 1351 591 punctum
1389 534 1531 579 fixum
1572 537 1716 593 eaput
1753 536 1974 594 cuiusque

282 601 479 645 duarum
512 599 860 658 superficierum
900 600 1098 646 duarum
1130 599 1426 657 piramidum.
1478 601 1552 646 Et
1581 598 1770 647 nom'ino
1802 601 1976 648 lineam

281 668 479 724 rectam,
516 681 637 725 quae
667 667 839 712 transit
870 681 953 724 per
984 668 1075 713 hoc
1105 668 1331 725 punctum
1366 670 1416 713 et
1445 683 1529 726 per
1559 671 1769 715 centrum
1802 669 1976 727 circuli,

281 747 415 780 axem
446 733 706 792 piramidis.

401 802 463 846 Et
501 801 690 846 nomino
730 802 949 858 figuram,
998 815 1138 858 quam
1179 802 1388 847 continet
1425 801 1625 847 circulus
1665 805 1715 848 et
1746 802 1872 860 quod
1897 798 1978 849 ‘est

215 881 257 914 10
281 867 404 913 inter
434 870 659 925 punctum
693 868 861 926 capitis
894 870 942 913 et
965 868 1088 913 inter
1112 868 1338 913 circulum
1364 869 1421 913 de
1446 870 1689 926 superficie
1712 870 1972 927 piramidis,

279 934 576 992 piramidem.
638 934 699 980 Et
737 937 942 980 nomino
969 937 1214 993 punctum,
1263 936 1389 992 quod
1429 937 1501 980 est
1540 937 1683 994 caput
1714 937 1975 994 superficiei

280 1001 541 1058 piramidis,
576 1004 719 1059 caput
748 1002 993 1059 piramidis
1024 1003 1207 1048 iterum.
1263 1003 1325 1047 Et
1355 1002 1546 1047 nomino
1577 1002 1752 1049 lineam
1783 1005 1974 1060 rectam,

280 1083 401 1125 quae
432 1068 726 1126 protrahitur
757 1084 812 1114 ex
844 1068 1003 1132 capite
1033 1069 1277 1127 piramidis
1310 1069 1371 1114 ad
1395 1071 1607 1115 centrum
1630 1069 1808 1127 circuli,
1840 1084 1976 1116 axem

279 1137 542 1193 piramidis,
605 1137 667 1181 Et
698 1136 887 1181 nomino
921 1135 1148 1181 circulum
1180 1136 1331 1181 basim
1363 1136 1622 1194 piramidis.

214 1215 258 1247 15
401 1204 463 1249 Et
492 1205 682 1248 nomino
714 1203 990 1261 piramidem
1018 1203 1363 1260 orthogoniam‚
1395 1218 1501 1248 cum
1527 1204 1626 1249 eius
1650 1204 1749 1249 axis
1777 1204 1975 1262 erigitur

281 1284 421 1328 super
452 1271 600 1327 ipsius
631 1270 782 1314 basim
809 1271 1062 1315 secundum
1085 1272 1239 1316 rectos
1265 1271 1478 1328 angulos.
1526 1271 1587 1316 Et
1609 1271 1798 1316 nomino
1822 1270 1974 1328 ipsam

280 1337 525 1393 decliuem,
558 1337 745 1395 quando
770 1351 864 1381 non
888 1338 960 1382 est
985 1336 1093 1382 eiusv
1110 1338 1209 1382 axis
1235 1339 1415 1382 erectus
1440 1337 1811 1396 orthogonaliter
1835 1352 1976 1396 super

277 1404 425 1461 ipsius
455 1403 622 1451 basim.
1648 1449 1650 1452 ,

398 1472 460 1516 Et
491 1487 597 1518 cum
630 1485 660 1515 a
688 1473 863 1528 puncto
897 1471 1047 1515 omnis
1078 1472 1202 1517 linee
1234 1472 1445 1529 munani,
1479 1485 1600 1529 quae
1632 1474 1704 1517 est
1734 1470 1784 1516 in
1815 1486 1974 1530 super-

212 1549 255 1581 20
281 1538 383 1582 ficie
415 1553 508 1583 una
538 1539 694 1596 plana,
727 1537 1022 1594 protrahitur
1043 1538 1091 1582 in
1117 1537 1215 1583 eius
1242 1538 1483 1596 superficie
1509 1539 1635 1583 linea
1658 1537 1820 1595 aliqua
1842 1540 1975 1584 recta

279 1618 442 1650 secans
477 1619 636 1651 omnes
677 1603 848 1661 lineas,
898 1619 1019 1662 quae
1057 1596 1398 1662 protrahuntur
1443 1605 1493 1649 in
1529 1605 1656 1650 linea
1694 1604 1889 1649 munani
1927 1607 1976 1651 et

276 1686 474 1727 quarum
515 1672 834 1717 extremitates
875 1671 936 1715 ad
975 1686 1100 1729 eam,
1150 1675 1199 1717 et
1240 1674 1312 1717 est
1350 1671 1644 1728 equidistans
1675 1671 1800 1718 linee
1832 1671 1974 1717 alicui

276 1738 451 1795 posite,
499 1738 548 1783 in
589 1733 680 1782 duo
711 1739 870 1783 media
908 1740 956 1783 et
996 1739 1088 1784 duo
1120 1739 1297 1795 media,
1343 1741 1457 1784 tunc
1497 1752 1585 1795 ego
1616 1737 1807 1783 nomino
1838 1737 1974 1782 illam

277 1804 451 1850 lineam
484 1806 662 1851 rectam
695 1803 973 1850 diametrum
1010 1804 1137 1849 illius
1171 1805 1293 1850 linee
1326 1804 1534 1853 muriani.
1582 1804 1645 1850 Et
1674 1802 1864 1851 nomino
1897 1820 1972 1850 ex-

210 1879 254 1915 25
279 1873 567 1918 tremitatem
607 1871 733 1917 illius
774 1871 898 1917 linee
936 1874 1084 1929 reete,
1133 1886 1251 1930 quae
1293 1875 1363 1917 est
1402 1872 1527 1930 apud
1558 1871 1732 1917 lineam
1764 1874 1972 1930 munani,

399 2056 436 2095 1.
469 2052 604 2110 tuno]
636 2053 691 2096 fc
723 2065 745 2095 e
777 2063 891 2096 corr.
927 2050 974 2096 Ο.
1105 2051 1323 2109 duarum]
1356 2065 1438 2096 om.
1476 2049 1522 2095 Ο.
1658 2056 1698 2095 2.
1732 2050 1969 2110 reuoluta]

276 2113 457 2155 remota
488 2112 547 2156 Β.
642 2116 682 2155 3.
717 2111 925 2167 compari
957 2125 1037 2155 sue
1072 2110 1120 2157 G.
1217 2117 1257 2155 4.
1292 2109 1391 2154 sine
1423 2109 1535 2168 fine]
1570 2123 1710 2167 supra
1739 2110 1878 2169 finem
1909 2111 1968 2157 Β.

336 2170 598 2227 superficiei
629 2172 689 2216 B.
813 2175 853 2215 5.
886 2168 1186 2227 pyramidum
1219 2171 1277 2215 Β.
1409 2168 1563 2226 capud
1597 2171 1645 2215 G.
1767 2175 1808 2215 6.
1842 2170 1963 2227 pira-

275 2229 506 2274 midarum
539 2232 605 2285 A,
644 2228 943 2288 pyramidum
975 2229 1033 2274 Β.
1180 2233 1219 2275 8.
1253 2228 1511 2286 pyramidis
1542 2229 1603 2273 Β.
1747 2233 1787 2273 9.
1821 2229 1968 2288 quod]

275 2303 367 2346 que
389 2289 448 2333 Β.
560 2293 626 2335 10.
661 2289 862 2334 circulus
886 2289 945 2335 B.
1038 2289 1296 2345 pyramidis
1327 2290 1385 2333 B.
1495 2293 1562 2332 11.
1595 2288 1884 2345 pyramidem
1909 2289 1968 2334 Β.

336 2349 499 2406 caput]
525 2363 608 2393 om.
627 2349 688 2405 B,
713 2348 864 2405 capud
882 2347 930 2393 Ο.
1026 2352 1093 2392 12.
1119 2346 1384 2406 piramidis]
1411 2361 1492 2392 om.
1516 2347 1563 2402 0,
1586 2346 1885 2404 pyramidum
1908 2349 1967 2394 B.

336 2408 490 2463 capud
524 2408 571 2452 Ο.
662 2405 923 2465 pyramidis
956 2408 1016 2452 Β,
1109 2407 1300 2466 iterum]
1327 2421 1348 2451 e
1371 2420 1485 2452 corr.
1515 2407 1564 2460 Ο,
1595 2406 1710 2451 item
1743 2407 1802 2452 B.
1897 2407 1965 2466 et]

272 2479 358 2511 om.
390 2466 450 2510 B.
575 2471 642 2511 13.
677 2465 933 2524 pyramidis
966 2467 1025 2511 Β.
1152 2470 1221 2510 14.
1254 2465 1511 2523 pyramidis
1542 2466 1601 2511 Β.
1725 2470 1793 2512 15.
1827 2481 1970 2523 pyra-

274 2525 447 2569 midem
481 2526 541 2570 Β.
665 2525 962 2581 ortogoniam
997 2526 1043 2572 Ο.
1166 2539 1269 2569 cum
1304 2525 1425 2584 eius]
1458 2524 1588 2570 ouius
1622 2524 1669 2571 0.
1795 2530 1864 2570 16.
1898 2539 1966 2571 se-

274 2584 477 2629 cundum
502 2610 556 2616 -
586 2590 654 2630 18.
687 2584 860 2643 basim]
893 2599 976 2630 om.
1008 2586 1068 2629 Β.
1193 2588 1262 2630 17.
1296 2585 1394 2628 axis
1428 2584 1527 2629 eius
1561 2585 1610 2630 G.
1720 2587 1967 2641 ortogona-

274 2642 386 2687 liter
418 2648 598 2689 erectus
634 2644 680 2690 0.
836 2650 903 2690 19.
944 2644 1086 2703 linee]
1128 2657 1242 2690 corr.
1275 2657 1331 2688 ex
1361 2644 1522 2689 linea?
1560 2644 1620 2690 Β.
1750 2644 1963 2702 muriani]

274 2703 323 2747 in
362 2701 543 2747 miani?
584 2704 643 2749 Β.
795 2707 867 2747 21.
909 2703 1079 2762 lineas]
1122 2702 1220 2748 eius
1261 2703 1408 2748 lineas
1446 2703 1507 2747 Β.
1659 2703 1879 2762 munani]
1919 2704 1968 2747 in

274 2762 418 2807 unaui
449 2763 509 2808 Β.
653 2765 702 2807 et
734 2763 949 2821 quarum]
994 2763 1224 2819 equaliter
1254 2762 1313 2807 Β.
1458 2767 1529 2807 22.
1572 2761 1871 2818 equedistans
1902 2763 1962 2808 Β.

335 2821 477 2866 alicui
508 2822 630 2867 linee
661 2822 721 2867 Β.
822 2826 891 2866 23.
925 2823 1099 2881 posite]
1133 2835 1217 2867 om.
1235 2822 1296 2878 B,
1325 2821 1565 2879 proposite
1601 2822 1646 2866 Ο.
1748 2825 1818 2866 24.
1852 2821 1964 2878 dya-

273 2883 475 2925 metrum
507 2882 566 2926 Β.
678 2881 889 2938 munani]
922 2880 973 2925 in
1002 2881 1145 2926 unaui
1175 2882 1236 2926 B.
1357 2885 1429 2925 25.
1462 2879 1587 2937 apud
1619 2879 1814 2939 lineam]
1846 2893 1963 2927 corr.

273 2953 330 2985 m.
362 2945 395 2987 2
428 2955 484 2986 ex
516 2941 666 2998 capud
698 2940 820 2986 linee
855 2939 902 2986 Ο.
1024 2939 1238 2999 munani]
1270 2940 1318 2984 in
1350 2939 1495 2984 unani
1524 2940 1583 2984 Β.
