2034 3216
616 184 971 226 CONIOORUM
1002 185 1185 226 LIBER
1215 185 1292 228 Ν.
1725 181 1797 233 23

116 304 433 373 contingens
475 301 700 355 ducatur
734 306 859 355 ΔΒ.
930 303 1063 372 dico,
1101 305 1303 356 rectam
1335 321 1366 356 a
1400 306 1444 356 Β
1476 304 1652 355 rectae
1685 305 1801 354 ΠΟ

113 391 427 461 parallelam
467 390 680 444 ductam
719 409 815 459 per
859 393 925 460 K,
952 394 1002 443 A
1042 391 1239 444 cadere.

1243 498 1370 532 nam
1403 479 1449 531 si
1482 480 1674 549 minUS,
1707 483 1800 532 aut

1129 586 1224 635 per
1264 558 1579 622 alteru—trum
1615 585 1799 620 eorum

1130 656 1284 708 cadet
1308 658 1401 708 aut
1421 675 1515 724 per
1533 658 1799 708 neutrum.

1243 743 1400 796 cadat
1417 762 1511 812 per
1528 745 1586 794 K
1608 743 1798 795 solum.

1131 831 1311 900 itaque
1354 829 1473 899 [HL
1514 831 1607 897 35]

1133 922 1799 991 ZA:AH=ZX:XH;

1133 1008 1274 1075 quod
1344 1008 1636 1060 absurdum
1703 1014 1800 1061 est.

1133 1113 1259 1164 ergo
1293 1099 1440 1150 recta
1473 1116 1503 1148 a
1535 1099 1580 1148 Β
1620 1100 1799 1150 rectae

1133 1186 1248 1235 ΠΟ
1307 1184 1570 1252 parallela.
1640 1184 1800 1238 ducta

1134 1289 1231 1339 per
1307 1275 1365 1324 K
1439 1273 1614 1325 solum
1690 1291 1801 1326 non

114 1364 280 1417 cadet.
373 1379 500 1431 ergo
557 1381 650 1431 per
703 1365 987 1430 utrumque
1041 1359 1207 1412 cadet.

886 1520 1029 1574 XIV.

223 1626 422 1680 Iisdem
468 1626 661 1695 positis
711 1626 758 1678 si
804 1628 1065 1694 punctum
1111 1629 1166 1676 A
1211 1625 1269 1677 in
1317 1626 1577 1678 alterutra
1625 1643 1800 1695 asym-

114 1719 391 1785 ptotarum
441 1714 681 1783 positum
729 1715 833 1780 est,
889 1715 943 1764 et
990 1716 1107 1764 AE
1151 1713 1444 1765 sectionem
1489 1713 1544 1764 in
1593 1712 1800 1766 duobus

114 1802 325 1872 punctis
367 1804 535 1868 secat,
576 1804 703 1853 AH
737 1803 916 1853 autem
957 1799 1115 1852 alteri
1155 1803 1586 1868 asymptotarum
1626 1802 1800 1869 paral-

112 1891 218 1944 lela
255 1890 313 1943 in
353 1893 414 1942 H
448 1891 586 1959 sole,
626 1892 680 1942 et
721 1890 781 1941 fit
819 1890 965 1941 EK:
992 1890 1102 1940 ΚΘ
1127 1913 1196 1930 =
1221 1891 1520 1957 ΔΕεΔΘ,
1558 1889 1800 1957 ponitur-

114 1997 216 2049 que
270 1979 327 2030 in
374 1981 495 2030 AH
543 1977 803 2046 producta
849 1978 968 2027 HA
1001 2001 1071 2018 =
1107 1979 1250 2045 AH,
1303 1979 1452 2028 recta
1498 1994 1595 2045 per
1641 1979 1716 2046 K,
1749 1981 1800 2029 A

115 2068 312 2135 puncta
351 2065 509 2119 ducta
549 2068 602 2117 et
641 2066 981 2133 asymptotae
1020 2064 1282 2132 parallela
1322 2065 1424 2116 erit
1456 2066 1509 2116 et
1541 2083 1661 2117 cum
1695 2083 1802 2117 sec-

31 2217 34 2219 ,
115 2154 264 2207 tione
321 2156 620 2218 concurret,
673 2155 926 2221 rectaque
974 2170 1005 2203 a
1050 2154 1247 2219 puncto
1295 2169 1583 2205 concursus
1633 2153 1700 2205 ad
1748 2156 1802 2204 A

118 2242 277 2295 ducta
316 2242 608 2295 sectionem
649 2239 943 2308 continget.

226 2348 352 2383 nam
393 2329 580 2382 eodem
619 2327 802 2396 modO,
849 2344 952 2395 quo
994 2327 1050 2378 in
1089 2327 1451 2396 praecedenti,
1492 2327 1649 2380 ducta
1690 2331 1799 2381 AB

38 2405 44 2408 ⁷
117 2417 455 2487 contingenti
510 2416 649 2485 dico,
702 2418 904 2468 rectam
952 2434 982 2466 a
1028 2418 1074 2467 B
1131 2417 1471 2484 asymptotae
1520 2418 1634 2466 ΠΟ
1680 2434 1802 2483 par-

118 2505 333 2558 allelam
374 2505 588 2557 ductam
627 2521 722 2573 per
759 2505 958 2571 puncta
997 2505 1073 2572 K,
1097 2505 1147 2554 A
1188 2503 1387 2556 cadere.

230 2593 276 2645 si
313 2592 480 2661 igitur
521 2609 617 2660 per
656 2594 714 2643 K
750 2591 925 2643 solum
966 2590 1122 2659 cadit,
1159 2608 1269 2643 non
1310 2590 1411 2642 erit
1447 2593 1575 2642 AH
1594 2616 1661 2634 =
1686 2594 1802 2642 HA

121 2679 239 2749 [III‚
279 2679 398 2747 34];
442 2678 583 2747 quod
624 2678 915 2730 absurdum
956 2680 1051 2730 est.
1113 2678 1196 2729 sin
1228 2695 1323 2746 per
1354 2681 1405 2730 A
1439 2678 1614 2730 solum
1646 2678 1803 2746 cadit,

117 2785 227 2821 non
273 2767 375 2819 erit
412 2769 560 2818 EA:
586 2769 695 2818 ΔΘ
722 2791 790 2809 =
815 2769 963 2819 EK:
989 2768 1098 2818 ΚΘ
1138 2765 1262 2835 [III,
1311 2765 1424 2830 35].
1504 2765 1586 2816 sin
1630 2783 1801 2834 neque

119 2873 215 2924 per
247 2857 304 2907 K
329 2872 500 2924 neque
531 2872 627 2922 per
659 2857 710 2905 A
742 2853 900 2923 cadit,
935 2854 1219 2923 utrobique
1254 2852 1544 2906 absurdum
1578 2853 1802 2905 eueniet.

121 2960 250 3012 ergo
291 2961 386 3011 per
423 2944 709 3011 utrumque
749 2941 916 2994 cadetss
