2046 3256
420 154 671 196 EUTocn
703 150 1140 194 COMMENTARIA
1170 150 1235 192 IN
1267 147 1502 191 comoA.
1687 144 1790 197 191

223 274 446 344 adparet
503 275 708 340 autem,
769 272 972 323 rectam
1028 269 1409 321 circumactam
1463 268 1520 318 in
1575 266 1795 319 circum-

113 363 321 434 agendo
354 361 613 415 maiorem
645 362 699 412 et
730 359 992 412 minorem
1022 356 1153 426 fieri,
1183 357 1238 408 in
1266 356 1590 425 quibusdam
1616 357 1797 407 autem

111 451 472 522 positionibus
513 449 677 502 etiam
717 447 994 516 aequalem
1037 445 1103 497 ad
1137 445 1350 497 diuersa
1381 446 1581 513 puncta
1614 443 1798 496 circuli

111 540 344 594 ductam.
423 537 563 607 quod
604 537 678 589 sic
719 536 1143 588 demonstratur:

224 629 271 680 si
311 647 343 680 a
377 627 576 680 uertice
609 625 731 678 coni
763 624 969 692 obliqui
1001 622 1068 674 ad
1100 622 1276 674 basim
1308 623 1485 673 rectae
1519 620 1799 684 ducuntur,

115 717 356 771 omnium
401 719 670 769 rectarum
718 733 749 766 a
795 712 996 765 uertice
1044 711 1110 763 ad
1158 710 1332 763 basim
1373 710 1655 762 ductarum
1694 727 1802 761 una

24 819 26 822 ’
114 806 335 858 minima
374 807 476 873 est,
523 822 632 856 una
670 802 930 871 maxima,
977 801 1217 868 duaeque
1259 799 1404 851 solae
1445 799 1693 867 aequales
1735 798 1801 850 ad

913 893 1194 957 utramque
1218 890 1426 956 partem
1461 887 1714 938 minimae
1748 887 1802 936 et

804 1023 814 1049 ‚s
910 977 1191 1046 maximae,
1225 994 1435 1045 semper
1468 977 1648 1028 autem
1681 991 1802 1042 pro-

779 1055 786 1064 s
911 1066 1030 1134 pior
1077 1065 1333 1117 minimae
1372 1064 1550 1116 minor
1598 1066 1682 1115 est
1727 1079 1802 1114 re-

911 1154 1156 1207 motiore.
1219 1153 1290 1206 sit
1329 1170 1497 1205 conus
1539 1151 1803 1220 obliquus,

913 1243 1064 1295 cuius
1096 1242 1245 1295 basis
1277 1241 1347 1293 sit
1372 1241 1600 1293 circulus
1626 1240 1805 1307 ΑΒΓ,

913 1333 1099 1382 uertex
1128 1331 1306 1382 autem
1338 1333 1392 1380 A
1423 1330 1696 1397 punctum.
1753 1331 1807 1379 et

914 1419 1168 1488 quoniam
1206 1421 1353 1471 recta
1391 1436 1422 1469 a
1454 1417 1652 1469 uertice
1687 1415 1807 1468 coni

915 1507 1122 1576 obliqui
1162 1507 1230 1559 ad
1268 1507 1491 1575 planum
1524 1504 1806 1558 subiacens

913 1594 1372 1664 perpendicularis
1420 1593 1580 1646 ducta
1619 1595 1713 1644 aut
1750 1593 1808 1644 in

916 1684 1179 1736 ambitum
1247 1682 1433 1735 circuli
1493 1683 1679 1734 ΑΒΓ
1692 1683 1816 1732 ΖΗ

914 1772 1095 1824 ueniet
1150 1775 1244 1824 aut
1299 1774 1449 1822 extra
1504 1776 1597 1823 aut
1649 1770 1808 1833 intra,

920 1860 1152 1928 primum
1194 1860 1258 1912 ad
1300 1859 1561 1911 ambitum
1601 1859 1811 1911 adcidat

23 1987 26 2034 ,-
123 1953 183 2003 ut
212 1950 269 2002 in
300 1950 475 2019 prima
504 1949 682 2017 figura
712 1953 766 2000 Δ
777 1952 839 2017 Ε,
879 1951 1228 2017 sumaturque
1262 1950 1506 2000 centrum
1539 1948 1723 1999 circuli
1758 1950 1810 1998 et

125 2039 198 2092 sit
213 2041 282 2108 K,
307 2038 374 2090 ab
392 2041 444 2090 E
465 2040 645 2090 autem
663 2037 728 2089 ad
746 2038 804 2088 K
829 2037 1054 2089 ducatur
1072 2039 1186 2088 EK
1204 2036 1639 2105 producaturque
1664 2035 1730 2087 ad
1747 2039 1810 2104 Β,

125 2129 179 2179 et
219 2126 443 2179 dueatur
474 2128 602 2193 BA,
641 2127 924 2176 sumantur
956 2128 1134 2176 autem
1175 2125 1241 2176 ad
1283 2127 1563 2192 utramque
1602 2127 1810 2192 partem

126 2215 311 2283 puncti
344 2218 395 2266 E
430 2214 534 2266 duo
576 2231 728 2266 arcus
769 2214 1016 2282 aequales
1050 2215 1170 2282 ΕΖ,
1192 2215 1310 2263 ΕΗ
1343 2215 1396 2264 et
1428 2213 1494 2264 ad
1527 2215 1810 2280 utramque

126 2305 335 2372 partem
375 2302 561 2371 puncti
600 2305 646 2353 Β
689 2302 936 2369 aequales
978 2304 1101 2369 ΑΒ,
1127 2304 1249 2368 ΒΓ,
1290 2301 1654 2368 ducanturque
1694 2303 1811 2367 ΕΖ,

130 2394 256 2459 ΕΗ,
279 2394 404 2458 ΔΖ,
431 2393 563 2459 ΔΙ-Ι,
595 2393 720 2457 ΕΑ,
751 2393 868 2456 ΕΓ,
900 2393 1024 2455 ΑΒ,
1057 2392 1174 2458 ΒΓ,
1206 2394 1337 2459 ΔΑ,
1369 2391 1491 2442 ΔΓ.
1556 2389 1810 2457 quoniam

128 2479 296 2547 igitur
331 2482 432 2532 EZ
458 2504 525 2521 =
551 2481 673 2530 EH
706 2478 878 2544 [Eucl.
910 2477 1006 2545 ΙΙΙ,
1039 2478 1132 2543 29]
1176 2474 1325 2548 (nam
1363 2477 1462 2529 sub
1498 2476 1811 2545 aequalibus

131 2568 357 2619 arcubus
398 2563 766 2636 subtendunt),
807 2567 1107 2618 communis
1150 2568 1330 2617 autem
1372 2569 1425 2616 et
1462 2563 1813 2633 perpendicu-

132 2655 260 2708 laris
303 2658 435 2722 ΔΕ,
475 2655 578 2706 erit
616 2657 726 2706 AZ
751 2679 821 2696 =
846 2655 973 2704 ΔΗ
1008 2653 1181 2719 [Eucl.
1213 2653 1256 2720 Ι,
1287 2654 1363 2718 4].
1418 2669 1603 2703 rursus
1644 2668 1812 2718 quon—

132 2743 239 2795 iam
272 2760 425 2795 arcus
450 2745 558 2795 AB
592 2743 737 2794 arcui
764 2744 873 2794 ΒΓ
899 2742 1136 2809 aequalis
1171 2744 1253 2794 est
1283 2744 1338 2793 et
1362 2743 1471 2792 ΒΕ
1502 2739 1812 2804 diametrus,

134 2830 369 2899 reliquus
411 2848 563 2881 arcus
596 2832 759 2881 ΕΖΓ
792 2829 996 2897 reliquo
1027 2831 1149 2879 ΕΗ
1151 2833 1202 2880 A
1235 2827 1473 2895 aequalis
1508 2828 1610 2893 est3
1653 2842 1812 2893 quare

137 2918 299 2970 etiam
328 2923 380 2969 A
391 2919 651 2970 E=EP
677 2917 848 2983 [Eucl.
872 2916 968 2986 ΙΙΙ,
993 2917 1104 2982 29].
1158 2919 1271 2967 ΕΔ
1304 2917 1482 2967 autem
1514 2913 1811 2966 communis
