2046 3256
236 132 343 186 136
892 137 1274 184 FRAGMENTA.

234 252 598 325 δεικνύουσα,
648 252 732 310 ὅτι
775 258 902 327 δίχα
939 256 1221 328 τέτμηται,
1270 256 1366 313 διὰ
1413 256 1514 330 τὴν
1555 260 1779 332 ἰσότητα
1816 264 1930 318 τῶν

232 343 468 412 βάσεων.

349 448 439 502 56.
490 448 712 502 Proclus
753 450 812 502 in
850 450 1023 504 Elem.
1063 471 1116 522 p.
1147 454 1272 523 282,
1306 455 1457 524 Ssq.:

340 532 713 602 Ἀπολλώνιος
760 536 822 592 δὲ
870 537 973 609 τὴν
1022 538 1162 612 πρὸς
1202 537 1381 614 ὀρθὰς
1420 540 1546 613 ἄγει
1584 542 1683 600 τὸν
1721 542 1933 616 τρόπον

172 633 199 674 5
232 626 457 679 τοῦτον·

346 714 435 769 ἐπὶ
481 718 581 786 τῆς
628 720 742 771 ΑΓ
780 714 951 788 τυχὸν
1003 716 1066 773 τὸ
1112 725 1191 788 Δ,
1245 719 1339 775 καὶ
1386 718 1497 776 ἀπὸ
1545 724 1643 792 τῆς
1688 725 1790 777 ΓΒ
1838 727 1931 793 ἴση

230 805 298 875 τῇ
339 807 443 858 ΓΔ
481 800 515 875 ἡ
556 808 687 874 ΓΕ,
727 804 819 859 καὶ
858 806 1068 882 κέντρῳ
1109 810 1184 882 τῷ
1226 815 1298 880 Δ,
1338 812 1414 886 τῷ
1456 809 1518 865 δὲ
1557 816 1671 865 ΕΔ
1711 810 1934 882 διαστή-

232 913 362 962 ματι
411 892 720 964 γεγράφθω
769 895 861 949 κύ-

230 985 379 1050 κλος,
418 980 512 1036 καὶ
543 980 713 1038 πάλιν
743 983 865 1038 κέν·

143 1079 202 1120 10
234 1091 346 1144 τρῳ
364 1073 440 1144 τῷ
451 1076 518 1140 Ε,
538 1070 868 1142 διαστήματι
1311 980 1781 1211 ΑΒ,

236 1156 298 1213 δὲ
359 1161 434 1232 τῷ
493 1165 612 1213 ΔΕ
668 1159 870 1226 κύκλος
929 1195 973 1235 Α
1274 1221 1319 1256 A
1385 1220 1444 1259 Γ
1504 1219 1563 1258 E,
1866 1186 1915 1224 B

234 1246 571 1318 γεγράφθω,
626 1249 719 1303 καὶ
760 1248 866 1305 ἀπὸ

233 1343 334 1390 τοῦ
353 1342 398 1390 Ζ
422 1336 511 1391 ἐπὶ
535 1336 597 1392 τὸ
616 1342 668 1392 Γ
686 1336 862 1410 ἤχθω.
902 1340 1062 1409 λέγω,
1090 1335 1174 1394 ὅτι
1200 1335 1338 1408 αὕτη
1358 1337 1508 1393 ἐστὶν
1533 1333 1724 1410 ἡπρὸς
1742 1334 1936 1409 ὀρθάς.

348 1423 447 1481 ἐὰν
486 1423 593 1498 γὰρ
643 1428 1045 1499 ἐπιζευχθῶσιν
1094 1429 1156 1481 αἱ
1193 1432 1320 1496 ΖΔ,
1354 1432 1483 1497 ΖΕ,
1533 1433 1649 1481 ἴσαι
1698 1429 1935 1482 ἔσονται.

143 1525 201 1565 15
235 1521 351 1569 ἴσαι
385 1515 447 1569 δὲ
478 1514 566 1569 καὶ
611 1517 672 1569 αἱ
702 1521 826 1584 ΔΓ,
852 1522 971 1586 ΓΕ,
1011 1516 1103 1572 καὶ
1134 1517 1296 1587 κοινὴ
1334 1513 1368 1587 ἡ
1403 1519 1535 1570 ΖΓ·
1577 1513 1715 1570 ὥστε
1753 1514 1846 1569 καὶ
1877 1515 1942 1569 αἰ

232 1601 373 1676 πρὸς
396 1612 473 1679 τῷ
499 1607 554 1658 Γ
577 1609 777 1674 γωνίαι
810 1613 926 1661 ἴσαι
956 1604 1049 1661 διὰ
1075 1604 1136 1661 τὸ
1167 1605 1388 1675 ὄγδοον.
1439 1603 1611 1676 ὀρθαὶ
1643 1601 1751 1674 ἄρα
1777 1605 1935 1658 εἰσίν.

346 1708 433 1762 57.
483 1707 708 1763 Proclus
748 1712 804 1764 in
843 1712 1015 1766 Elem.
1053 1731 1103 1781 p.
1139 1711 1263 1782 335,
1299 1711 1365 1764 16
1385 1729 1484 1780 sq.:

354 1795 470 1867 Τὴν
500 1796 561 1852 δὲ
589 1795 964 1854 Ἀπολλωνίου
994 1802 1102 1853 δεῖ·
1746 1814 1806 1860 Γ

235 1888 322 1952 ξιν
364 1884 466 1941 οὐκ
499 1887 837 1958 ἐπαινοῦμεν
877 1884 950 1952 ὡς
983 1891 1102 1942 ‹5⁸0-
1597 1863 1805 2136 ..

144 1993 204 2034 20
236 1975 411 2045 μένην
451 1978 564 2030 τῶν
598 1977 660 2031 έν
698 1978 773 2050 τῷ
813 1980 979 2051 τρίτῳ
1021 1981 1101 2046 βι-

233 2066 372 2136 βλίῳ
388 2063 1102 2137 δεικνυμένων.λαβώνγὰρ
1143 2070 1184 2111 Δ
1820 2106 1870 2151 Ε

234 2153 444 2217 ἐκεῖνος
461 2156 675 2222 γωνίαν
698 2156 981 2224 τυχοῦσαν
998 2155 1102 2226 τὴν

231 2238 343 2296 ὑπὸ
384 2246 550 2296 ΓΔΕ
589 2241 683 2296 καὶ
730 2242 964 2297 εὐθεῖαν
1001 2240 1104 2313 τὴν
1801 2269 1849 2311 Β

234 2335 345 2384 AB
383 2330 594 2404 κέντρῳ
633 2333 710 2404 τῷ
750 2336 828 2400 Δ,
883 2330 1104 2402 ὃιαστή-
1683 2315 1858 2580 1.
2011 2380 2014 2383 .

142 2437 203 2478 25
235 2439 365 2490 ματι
406 2417 468 2473 δὲ
498 2421 573 2493 τῷ
607 2422 661 2472 Γ
656 2424 730 2489 Δ,
767 2418 974 2489 γράφει
1001 2417 1104 2490 τὴν

236 2512 343 2562 ΓΕ
386 2507 743 2578 περιφέρειαν
789 2507 883 2561 καὶ
923 2505 1104 2563 ὡσαύ-
1191 2557 1246 2603 Α
1891 2554 1927 2593 Ζ

235 2617 341 2661 τως
385 2595 594 2670 κέντρῳ
640 2604 715 2670 τῷ
755 2603 832 2665 Α,
882 2596 1104 2668 διαστή-

237 2706 367 2756 ματι
423 2684 484 2740 δὲ
537 2692 613 2759 τῷ
668 2690 786 2739 AB
840 2685 946 2754 τὴν
1003 2691 1137 2756 ΖΒ,
1199 2685 1289 2741 καὶ
1346 2683 1644 2755 ἀπολαβὼν
1704 2687 1770 2756 τῇ
1824 2687 1941 2739 ΓΕ

239 2781 369 2844 ἴσην
409 2771 512 2844 τὴν
547 2778 647 2827 ΖΒ
689 2773 1038 2842 ἐπιζεύγνυσι
1076 2775 1181 2845 τὴν
1213 2780 1266 2830 Α
1277 2778 1322 2827 Ζ
1360 2773 1451 2828 καὶ
1493 2773 1579 2828 ἐπὶ
1619 2779 1759 2828 ἴσων
1790 2791 1938 2843 περι-

361 2940 401 2981 2.
436 2934 642 2994 βάσεων]
676 2935 720 2981 h.
748 2948 786 2980 e.
818 2938 924 2990 ΑΔ,
950 2939 1053 2979 ΔΒ.
1179 2941 1247 2982 13.
1280 2931 1415 2993 ἤχθω
1449 2932 1477 2993 ἡ
1511 2938 1600 2979 ΖΓ
1625 2933 1876 2979 Friedlein.

2002 0 2046 210 N

2042 211 2046 272 ἱ

2044 275 2046 315 ι
