2046 3224
243 131 392 177 LVIII
863 133 1331 182 PROLEGOMENA.

245 250 358 309 gina
386 251 534 296 uerba
566 250 820 309 Apollonii,
851 251 900 296 in
932 251 1220 310 marginibus
1251 267 1335 298 sua
1366 253 1702 300 commentaria
1732 255 1942 312 (praeter

244 318 581 375 praefationes,
630 332 746 375 quas
794 318 892 364 sine
931 319 1072 364 dubio
1113 319 1310 376 singulis
1350 319 1665 367 uoluminibus
1703 322 1937 381 praefixit)

246 384 514 431 collocaret.
579 387 666 430 hoc
699 399 755 430 ex
786 385 942 430 uerbis
983 383 1166 440 ἔξωθεν
1199 383 1251 432 ἐν
1282 393 1379 438 τοῖς
1409 386 1798 446 συντεταγμένοις
1834 405 1940 448 σχο-

245 451 362 503 λίοις
398 451 442 496 ΙΙ
480 468 524 509 p.
562 457 659 508 176,
693 456 750 496 20
791 453 1007 498 concludi
1045 465 1182 509 posse
1222 453 1423 499 uidetur.
1488 457 1734 511 praeterea
1770 456 1840 503 ita
1868 457 1940 503 fa·

244 518 421 563 cillime
461 518 756 576 explicantur
794 519 991 564 lacunae
1031 519 1074 562 Π
1111 534 1156 576 Ρ.
1191 524 1291 576 290,
1323 525 1371 576 8;
1421 525 1522 577 292,
1559 527 1596 578 1,
1633 526 1708 578 14;
1753 529 1856 580 306,
1889 528 1938 579 8;

246 589 348 640 308,
384 591 455 641 143
498 589 599 643 310,
633 591 680 642 6;
722 591 823 643 338,
858 589 934 641 15;
976 589 1076 642 340,
1115 590 1188 642 153
1231 591 1332 644 342,
1366 591 1423 631 20
1468 590 1516 632 et
1555 590 1860 648 transpositio
1891 591 1938 635 ΙΙ

244 666 289 708 Ρ.
323 655 424 699 264.

366 733 422 763 ex
459 721 563 764 tota
599 719 782 764 ratione
814 718 1034 764 edItionis
1067 719 1350 765 Eutocianae
1383 721 1602 779 adparet,
1644 737 1750 768 eum
1780 723 1830 768 in
1861 724 1942 770 de-

246 785 663 831 monstrationibus
704 785 934 843 eligendis
966 787 1044 831 uel
1075 786 1342 831 reiiciendis
1375 788 1473 833 solo
1506 787 1682 835 iudicio
1715 803 1798 835 suo
1831 804 1941 836 con-

245 853 382 897 fisum
421 866 535 899 esse.
599 853 683 898 sed
722 867 828 898 cum
869 867 1051 898 summa
1090 854 1179 898 fide
1212 854 1634 901 demonstrationes
1665 857 1941 914 repudiatas

246 920 294 964 in
326 920 675 966 commentariis
706 921 966 965 seruauerit
998 920 1098 978 (cfr.
1115 920 1159 964 ΙΙ
1182 937 1227 978 p.
1246 925 1347 977 296,
1374 928 1421 976 63
1455 927 1556 979 336,
1583 924 1644 980 6),
1678 923 1736 968 de
1767 923 1942 971 iudicio

244 986 347 1031 eius
386 986 531 1032 etiam
567 1001 690 1031 nunc
730 987 864 1032 nobis
904 987 1017 1031 licet
1054 986 1275 1034 iudicare.
1337 987 1433 1033 iam
1471 989 1522 1033 in
1560 988 1829 1035 reiiciendis
1862 991 1943 1037 de—

245 1052 687 1112 monstrationibus,
730 1067 847 1110 quas
879 1053 921 1097 II
960 1069 1005 1111 p.
1039 1059 1124 1099 296
1166 1069 1253 1110 sq.,
1292 1070 1338 1111 p.
1372 1060 1482 1112 326,
1523 1061 1600 1112 17,
1638 1071 1685 1114 p.
1718 1061 1826 1115 328,
1870 1064 1942 1116 12,

245 1136 290 1178 Ρ.
316 1125 402 1165 336
435 1136 501 1177 sq.
534 1121 700 1176 adfert,
731 1120 957 1165 iudicium
991 1121 1090 1165 eius
1122 1122 1311 1166 omnino
1344 1122 1653 1178 sequendum,
1684 1137 1794 1169 nam
1825 1140 1942 1182 quas

222 1187 392 1232 ‘habet
438 1202 484 1244 p.
516 1192 602 1232 296
627 1202 717 1243 sq„
767 1186 888 1231 nihil
930 1191 1038 1232 sunt
1076 1187 1167 1232 nisi
1207 1187 1429 1245 superflui
1468 1192 1664 1234 conatus
1704 1192 1944 1237 corollarii

245 1253 550 1310 Apolloniani
574 1254 594 1297 I
624 1270 670 1311 p.
696 1258 799 1311 218,
831 1257 859 1296 4
892 1254 1266 1310 demonstrandi,
1297 1255 1643 1312 propositiones
1673 1272 1721 1314 p.
1749 1263 1850 1316 326,
1885 1263 1940 1304 17

246 1322 295 1365 et
323 1334 367 1377 p.
394 1325 496 1377 328,
525 1326 577 1365 12
610 1335 658 1366 re
690 1334 818 1377 uera,
849 1323 904 1366 ut
932 1320 1157 1366 Eutocius
1188 1321 1473 1378 Obseruauit,
1507 1337 1641 1368 casus
1673 1326 1783 1370 sunt
1805 1338 1944 1382 prae-

246 1386 535 1444 cedentium,
574 1401 692 1443 quos
731 1390 839 1445 post
877 1387 985 1433 illas
1026 1387 1347 1433 demonstrare
1379 1388 1500 1433 nihil
1530 1390 1732 1446 adtinet3
1773 1391 1830 1437 de
1863 1392 1942 1437 de-

245 1454 664 1500 monstrationibus
698 1454 899 1510 denique
930 1470 974 1512 p.
1001 1460 1087 1500 336
1113 1470 1178 1513 sq.
1213 1455 1386 1500 adlatis
1410 1456 1532 1500 idem
1557 1456 1655 1501 fere
1679 1456 1943 1506 dicendum.

245 1522 327 1566 ubi
367 1536 422 1566 ex
460 1521 673 1579 pluribus
706 1520 1184 1567 demonstrationibus
1217 1536 1360 1566 unam
1393 1523 1558 1579 elegit,
1597 1537 1671 1568 res
1704 1523 1944 1570 difficilior

247 1590 321 1633 est
366 1587 641 1632 diiudicata.
711 1602 804 1633 uno
853 1587 1012 1632 saltim
1050 1587 1154 1633 loco
1195 1588 1390 1643 errauit3
1431 1604 1542 1634 nam
1580 1603 1686 1635 cum
1723 1590 1774 1635 in
1805 1591 1848 1648 Ι,
1881 1595 1939 1638 50

246 1671 291 1712 p.
318 1658 419 1711 152,
444 1659 470 1698 6
503 1656 753 1711 usurpetur
784 1655 1002 1711 aequatio
1041 1655 1085 1698 Δ
1120 1658 1170 1699 H
1175 1658 1333 1699 BI''=
1355 1658 1439 1699 ΓΔ
1449 1659 1502 1712 Ε,
1536 1670 1655 1712 quae
1685 1672 1809 1702 nunc
1832 1673 1943 1703 nus-

246 1735 389 1779 quam
427 1720 477 1765 in
515 1721 902 1778 praecedentibus
933 1722 1257 1767 demonstrata
1287 1724 1381 1778 est,
1413 1721 1463 1766 in
1495 1723 1646 1769 altera
1675 1726 1835 1770 autem
1865 1726 1943 1771 de-

247 1787 587 1834 monstratione
627 1789 686 1832 ab
720 1787 915 1833 Eutocio
951 1789 1011 1833 ad
1043 1789 1084 1845 I,
1117 1792 1174 1832 43
1207 1788 1369 1835 adlata
1399 1805 1444 1847 p.
1477 1794 1564 1834 256
1597 1790 1944 1838 demonstratur

249 1881 306 1888 -
329 1855 475 1900 uerba
497 1855 602 1912 ipsa
626 1856 727 1899 ἴσον
755 1881 809 1888 -
836 1859 871 1899 Β
888 1859 965 1900 ΓΛ
997 1855 1040 1900 II
1063 1871 1107 1913 p.
1134 1859 1236 1912 256,
1262 1861 1288 1900 9
1320 1855 1520 1901 fortasse
1553 1856 1797 1902 subditiua
1827 1872 1943 1917 esse,

247 1921 326 1967 hic
347 1935 513 1980 parum
536 1921 680 1966 refert
707 1948 775 1979 —,
801 1923 910 1966 hinc
935 1922 1308 1967 concludendum
1333 1924 1417 1979 est,
1443 1937 1729 1980 quamquam
1754 1926 1944 1972 dubitat

249 1988 459 2035 Zeuthen
513 1989 599 2032 Die
645 1987 794 2033 Lehre
848 2002 942 2034 von
988 1990 1079 2034 den
1126 1989 1515 2047 Kegelschnitten
1560 1990 1626 2035 im
1671 1991 1942 2038 Alterthum

247 2072 292 2132 Ρ.
326 2062 383 2102 94
414 2058 525 2111 not.‚
555 2056 690 2100 illam
721 2055 1171 2101 demonstrationem
1202 2057 1455 2114 genuinam
1487 2071 1600 2115 esse,
1630 2059 1839 2105 nostram
1868 2059 1944 2104 in-

246 2123 368 2185 iuria
399 2123 459 2168 ab
484 2123 680 2167 Eutocio
711 2125 973 2180 receptam,
1006 2123 1131 2168 idem
1162 2123 1217 2167 fit
1237 2123 1294 2181 Il,
1321 2128 1378 2168 20
1401 2139 1447 2181 p.
1473 2129 1573 2180 228,
1600 2129 1670 2170 23.
1698 2124 1749 2169 in
1773 2125 1941 2172 ceteris

247 2189 426 2235 nullam
452 2191 627 2235 certam
651 2189 790 2234 uideo
816 2203 1020 2246 causam,
1045 2203 1127 2234 cur
1150 2191 1209 2234 ab
1225 2189 1399 2235 iudicio
1417 2190 1605 2236 Eutocii
1622 2191 1940 2250 discedamus,

247 2257 330 2302 sed
353 2271 509 2301 rursus
533 2270 670 2302 nemo
695 2258 934 2313 praestare
959 2257 1129 2314 potest,
1156 2270 1262 2301 eum
1286 2271 1468 2314 semper
1492 2271 1682 2302 manum
1699 2258 1942 2316 Apollonii

245 2324 522 2370 restituisse.

65 2402 248 2435 lemmata
371 2391 462 2435 Sed
495 2402 779 2445 quamquam
812 2388 860 2432 in
885 2389 1155 2434 uniuersum
1181 2388 1386 2434 editione
1410 2389 1672 2436 Eutociana
1704 2393 1830 2436 stare
1862 2406 1943 2438 ne-

89 2445 212 2491 Pappi

341 2469 469 2501 cesse
501 2458 587 2511 est,
619 2456 776 2499 tamen
799 2455 1038 2499 lemmatis
1063 2455 1211 2513 Pappi
1235 2455 1387 2501 adiuti
1412 2457 1468 2500 de
1491 2457 1641 2503 forma
1665 2456 1942 2505 Conioorum

249 2524 489 2581 aliquanto
538 2521 801 2577 antiquiore
847 2522 1070 2566 nonnulla
1109 2524 1315 2567 statuere
1355 2522 1479 2569 licet.
1551 2525 1677 2581 quod
1720 2528 1774 2571 ut
1810 2527 1942 2571 recta

249 2590 429 2636 ratione
475 2588 578 2642 fiat,
626 2590 733 2633 ante
782 2589 941 2632 omnia
985 2589 1239 2634 tenendum
1286 2590 1377 2646 est,
1425 2590 1513 2635 hoc
1561 2604 1660 2636 esse
1697 2606 1846 2649 genus
1885 2606 1940 2638 ac

247 2660 463 2702 naturam
510 2655 783 2699 lemmatum
831 2656 878 2699 et
923 2655 1110 2699 illorum
1149 2656 1196 2699 et
1235 2658 1495 2700 ceterorum
1536 2657 1762 2715 omnium,
1810 2659 1942 2704 uelut

248 2724 395 2782 ipsius
419 2720 621 2776 Eutocii,
653 2723 707 2765 ut
736 2721 1079 2778 propositiones
1113 2721 1342 2778 quasdam
1374 2722 1576 2768 minores
1609 2725 1860 2782 suppleant
1891 2727 1941 2770 et

249 2789 579 2844 demonstrent,
612 2787 780 2844 quibus
812 2787 912 2832 sine
946 2787 1349 2833 demonstratione
1375 2803 1484 2834 usus
1511 2790 1572 2835 sit
1596 2792 1797 2849 scriptor
1819 2790 1939 2849 ipse,

248 2857 371 2902 sicut
400 2856 579 2901 factum
610 2854 823 2899 uidemus
854 2853 929 2899 his
960 2853 1097 2899 locis:
