2046 3256
253 159 325 212 58
654 226 658 230 .
920 161 1199 206 ΚΩΝῙΚΩΝ
1230 159 1294 208 δ’.

1047 323 1151 395 λη’.

359 427 571 482 Κώνου
618 426 757 499 τομὴ
798 424 831 500 ἢ
872 426 1083 484 κύκλου
1122 428 1446 500 περιφέρεια
1484 438 1605 494 ταῖς
1643 425 1950 501 ἀντικειμέ-

246 538 370 582 ναις
417 513 485 571 οὐ
534 527 889 588 συμπεσεῖται
928 516 1066 573 κατὰ
1108 521 1340 573 πλείονα
1378 527 1578 590 σημεῖα
1617 515 1653 589 ἢ
1693 517 1951 590 τέσσαρα.

358 603 610 676 φανερὸν
651 604 713 660 δὲ
743 607 909 660 τοῦτο
944 606 1002 660 ἐκ
1040 608 1142 661 τοῦ
1173 607 1240 678 τῇ
1271 608 1371 678 μιᾷ
1405 607 1519 662 τῶν
1551 602 1947 677 ἀντικειμένων

187 711 213 750 5
249 698 671 764 συμπίπτουσαν
711 691 890 766 αὐτὴν
929 696 994 768 τῇ
1035 700 1200 768 λοιπῇ
1241 693 1378 751 κατὰ
1412 698 1643 751 πλείονα
1675 697 1832 751 δυεῖν
1872 693 1947 767 μὴ

247 786 594 854 συμπίπτειν.
722 791 733 802 “

1042 885 1156 943 λθ’.

350 990 482 1045 Ἐὰν
530 990 718 1046 κώνου
763 988 904 1062 τομὴ
953 986 986 1045 ⁷⁵¹
1035 989 1248 1046 κύκλου
1293 991 1620 1064 περιφέρεια
1667 993 1795 1063 μιᾶς
1832 999 1948 1048 τῶν

245 1079 641 1150 ἀντικειμένων
691 1079 998 1150 ἐφάπτηται
1036 1089 1153 1144 τοῖς
1191 1082 1400 1145 κοίλοις
1438 1077 1633 1151 αὐτῆς,
1680 1082 1746 1153 τῇ
1786 1079 1947 1155 ἑτέρᾳ

164 1186 218 1226 10
248 1169 363 1222 τῶν
402 1165 801 1239 ἀντικειμένων
843 1166 910 1223 οὐ
951 1179 1318 1239 συμπεσεῖται.

356 1260 604 1312 ἔστωσαν
653 1253 1027 1328 ἀντικείμεναι
1075 1259 1138 1311 αἱ
1171 1263 1250 1326 Λ,
1281 1262 1355 1327 Β,
1402 1257 1495 1312 καὶ
1541 1259 1639 1328 τῆς
1663 1264 1730 1312 ·A
1773 1259 1946 1329 τομῆς

244 1345 576 1416 ἐφαπτέσθω
632 1342 666 1416 ἡ
726 1349 910 1402 ΓΑΔ.
995 1345 1162 1416 λέγω,
1218 1343 1303 1400 ὅτι
1357 1341 1391 1417 ἡ
1440 1349 1614 1400 ΓΑΔ
1666 1349 1732 1419 τῇ
1781 1352 1828 1402 Β
1877 1343 1945 1402 οὐ

243 1444 613 1505 συμπεσεῖται.

354 1520 514 1594 ῆχθω
563 1519 671 1578 ἀπὸ
719 1526 821 1578 τοῦ
861 1529 915 1578 A
962 1523 1313 1594 ἐφαπτομένη
1355 1520 1389 1594 ἡ
1431 1529 1610 1580 ΕΑΖ.
1686 1523 1945 1596 ἑκατέρας

155 1630 209 1669 15
245 1612 313 1682 δὴ
352 1613 466 1667 τῶν
506 1614 778 1683 γραμμῶν
819 1610 1076 1678 ἐπιψαύει
1115 1612 1253 1667 κατὰ
1293 1609 1355 1667 τὸ
1395 1618 1470 1666 A·
1519 1608 1659 1668 ὥστε
1698 1610 1768 1668 οὐ
1808 1628 1942 1685 συμ-

241 1711 483 1756 πεσεῖται
522 1703 588 1773 τῇ
630 1706 694 1755 Β.
773 1697 911 1756 ὥστε
953 1698 1087 1756 οὐδὲ
1125 1697 1157 1772 ἡ
1201 1705 1383 1755 ΓΑΔ.

1052 1901 1090 1949 μ
1117 1922 1128 1933 .

347 1979 478 2037 Ἐὰν
532 1981 721 2038 κώνου
775 1982 916 2053 τομὴ
974 1978 1008 2053 ἢ
1059 1981 1269 2038 κύκλου
1314 1981 1637 2054 περιφέρεια
1684 1981 1943 2054 ἑκατέρας

239 2072 353 2125 τῶν
400 2067 796 2142 ἀντικειμένων
841 2070 975 2126 καθ’
1027 2072 1088 2125 ἓν
1136 2068 1444 2141 ἐφάπτηται
1491 2079 1748 2142 σημεῖον,
1800 2068 1934 2126 καθ’

150 2179 209 2219 20
242 2159 431 2231 ἕτερον
472 2157 541 2214 οὐ
581 2170 936 2230 συμπεσεῖται
975 2170 1094 2224 ταῖς
1132 2156 1550 2230 ἀντικειμέναις.

352 2251 599 2304 ἔστωσαν
639 2246 1014 2320 ἀντικείμεναι
1058 2250 1120 2303 αἱ
1155 2255 1226 2319 Α,
1259 2253 1323 2319 Β,
1363 2248 1455 2303 καὶ
1493 2246 1681 2303 κώνου
1719 2249 1859 2320 τομὴ
1899 2245 1935 2321 ἢ

239 2335 449 2391 κύκλου
509 2336 831 2410 περιφέρεια
894 2337 1227 2408 ἐφαπτέσθω
1291 2334 1547 2408 ἑκατέρας
1598 2339 1711 2392 τῶν
1763 2345 1842 2409 Α,
1889 2342 1938 2392 Β

238 2425 376 2479 κατὰ
415 2425 481 2478 τὰ
515 2432 584 2495 Α,
617 2430 679 2481 Β.
733 2424 895 2496 λέγω,
936 2422 1021 2481 ὅτι
1060 2422 1093 2496 ἡ
1128 2428 1299 2480 ΑΒΓ
1322 2422 1544 2497 γραμμὴ
1574 2423 1707 2480 καθ’
1745 2426 1936 2498 ἕτερον

241 2509 310 2567 οὐ
349 2522 703 2582 συμπεσεῖται
742 2524 862 2578 ταῖς
901 2519 954 2567 A
964 2555 979 2584 ,
1012 2518 1059 2567 Β
1099 2522 1305 2584 τομαῖς.

151 2620 208 2660 25
354 2601 469 2656 ἐπεὶ
515 2593 620 2656 οὖν
659 2597 694 2671 ἡ
734 2605 909 2656 ΑΒΓ
940 2599 1162 2672 γραμμὴ
1200 2603 1297 2671 τῆς
1336 2608 1388 2656 A
1426 2603 1597 2672 τομῆς
1637 2600 1934 2672 ἐφάπτεται

239 2687 370 2743 καθ’
415 2692 477 2745 ἓν
518 2693 906 2760 συμπίπτουσα
945 2689 1036 2744 καὶ
1076 2692 1140 2762 τῇ
1174 2695 1239 2759 Β,
1277 2692 1375 2759 τῆς
1406 2696 1460 2744 Α
1491 2687 1599 2762 ἄρα
1629 2693 1801 2762 τομῆς
1832 2691 1933 2746 οὐκ

359 2901 399 2941 5.
442 2897 578 2940 δυοῖν
609 2911 654 2953 p.
810 2899 877 2938 14.
919 2896 1078 2953 EAZ]
1111 2910 1165 2952 p,
1205 2896 1338 2938 ΑΕΖ
1369 2894 1424 2939 V.
1585 2900 1650 2940 16.
1694 2896 1850 2955 ΓΑΔ]
1883 2911 1954 2953 p„

239 2958 370 2998 ΑΓΔ
402 2955 454 3001 V.
580 2960 650 3000 24.
684 2955 739 3012 Β]
772 2969 816 3011 p,
853 2957 895 2997 Γ
924 2954 975 2999 V.
1792 2973 1797 2977 ·
