2034 3216
248 110 318 163 18
915 113 1193 159 ΚῼΝῙΚΩΝ
1225 114 1290 160 δ’.

1070 269 1090 301 ι
1113 289 1126 302 .

366 353 555 406 Ταίτα
602 349 705 421 μὲν
746 352 978 422 κοινῶς,
1035 350 1122 406 ἐπὶ
1163 350 1225 406 δὲ
1262 355 1360 423 τῆς
1401 349 1714 424 ὑπερβολῆς
1753 354 1949 424 μόνης·

247 437 347 496 ἐὰν
401 437 467 495 τὰ
517 439 620 511 μὲν
665 437 808 495 ἄλλα
855 438 922 495 τὰ
971 439 1114 494 αὐτὰ
1160 437 1406 513 ὑπάρχῃ,
1462 443 1524 496 αἱ
1568 439 1631 496 δὲ
1675 443 1775 512 τῆς
1820 443 1949 512 μιᾶς

246 526 474 593 εὐθείας
513 527 860 601 συμπτώσεις
890 529 1185 602 περιέχωσι
1217 527 1316 595 τὰς
1346 532 1443 602 τῆς
1475 529 1662 638 ετέρας
1694 530 1949 602 συμπτώ-

189 628 215 669 5
250 634 388 688 σεις,
436 618 528 673 καὶ
567 616 630 675 τὸ
671 624 727 673 A
775 629 1006 690 σημεῖον
1056 617 1212 683 ἐντὸς
1258 611 1292 691 ᾖ
1340 621 1437 689 τῆς
1475 616 1584 675 ὑπὸ
1625 621 1739 676 τῶν
1779 616 1949 692 ἀσυμ-

246 705 480 763 πτώτων
503 708 897 780 περιεχομένης
929 710 1155 778 γωνίας,
1187 704 1254 762 τὰ
1288 705 1430 762 αὐτὰ
1463 706 1803 780 συμβήσεται
1833 719 1951 774 τοῖς

247 797 690 868 προειρημένοις,
731 793 807 862 ὡς
845 800 1170 868 προείρηται
1210 796 1271 851 ἐν
1309 799 1384 872 τῷ
1424 785 1460 867 β
1498 794 1838 868 θεωρήματι.

1053 966 1109 999 ια
1138 990 1148 1001 .

367 1051 492 1103 Τῶν
542 1045 731 1104 αὐτῶν
778 1048 962 1103 ὄντων
1011 1045 1108 1103 ἐὰν
1165 1049 1227 1102 αἱ
1277 1049 1374 1118 τῆς
1427 1050 1557 1119 μιᾶς
1604 1046 1952 1119 συμπτώσεις

164 1150 220 1190 10
254 1134 328 1208 μὴ
367 1138 661 1209 περιέχωσι
706 1134 804 1201 τὰς
848 1144 946 1207 τῆς
992 1136 1180 1209 ἑτέρας
1219 1134 1588 1207 συμπτώσεις,
1643 1134 1706 1193 τὸ
1753 1135 1855 1208 μὲν
1894 1143 1951 1192 A

254 1237 487 1298 σημεῖον
536 1224 692 1290 ε’ντὸς
738 1229 889 1281 ἔσται
936 1227 1033 1296 τῆς
1079 1221 1187 1280 ὑπὸ
1227 1234 1340 1281 τῶν
1381 1223 1761 1297 ἀσυμπτώτων
1799 1244 1949 1297 περι-

250 1316 516 1387 εχομένης
560 1318 793 1386 γωνίας,
847 1314 940 1369 καὶ
987 1312 1022 1385 ἡ
1075 1315 1401 1386 καταγραφὴ
1450 1314 1542 1370 καὶ
1588 1311 1622 1385 ἡ
1670 1311 1952 1382 ἀπόδειξις

250 1402 284 1476 ἡ
327 1401 466 1475 αὐτὴ
507 1407 582 1478 τῷ
623 1393 680 1460 ᾗ.
1078 1475 1134 1547 β’

1056 1499 1071 1531 ι
1139 1520 1150 1532 .

164 1595 220 1634 15
372 1584 498 1637 Τών
554 1579 742 1636 αὐτῶν
799 1578 983 1636 ὄντων
1033 1581 1131 1635 ἐὰν
1178 1581 1509 1652 περιέχωσιν
1558 1582 1620 1636 αί
1670 1583 1768 1653 τῆς
1822 1590 1951 1653 μιᾶς

250 1668 479 1735 εὐθείας
526 1669 873 1742 συμπτώσεις
918 1670 1016 1735 τὰς
1062 1672 1160 1741 τῆς
1207 1670 1419 1744 ετέρας,
1473 1670 1565 1725 καὶ
1611 1668 1674 1726 τὸ
1726 1669 1951 1742 ληφθὲν

251 1771 485 1830 σημεῖον
522 1759 582 1814 ἐν
615 1767 680 1832 τῇ
715 1760 912 1830 ἐφεξῆς
943 1763 1123 1832 γωνία
1154 1762 1251 1830 τῆς
1282 1756 1392 1814 ὑπὸ
1424 1780 1538 1815 των
1572 1756 1952 1830 ἀσυμπτώτων

249 1847 640 1921 περιεχομένης
670 1840 725 1919 ᾗ,
765 1844 799 1918 ἡ
834 1846 927 1902 διὰ
959 1850 1074 1903 τῶν
1110 1848 1437 1917 διαιρέσεων
1470 1844 1717 1919 ἀγομένη
1751 1845 1951 1903 εὐθεῖα

252 1937 627 2008 ἐκβαλλομένη
668 1944 734 2008 τῇ
776 1935 1127 2009 ἀντικειμένῃ
1167 1939 1308 2009 τομῇ
1349 1947 1724 2009 συμπεσεῖται,
1762 1936 1855 1991 καὶ
1892 1938 1956 1991 αι

162 2037 220 2078 20
252 2022 359 2080 ἀπὸ
414 2028 529 2081 τών
586 2024 963 2096 συμπτώσεων
1020 2025 1107 2080 ἐπὶ
1162 2023 1224 2081 τὸ
1281 2032 1337 2080 A
1391 2036 1622 2097 σημεῖον
1678 2023 1951 2097 ἀγόμεναι

253 2111 470 2169 εὐθεῖαι
511 2114 823 2184 ἐφάψονται
862 2116 976 2169 τών
1016 2111 1432 2185 ἀντικειμένων.

365 2205 502 2257 ἔστω
535 2200 816 2274 ὑπερβολὴ
851 2201 884 2274 ἡ
919 2206 1057 2272 ΕΗ,
1093 2201 1446 2273 ἀσύμπτωτοι
1479 2201 1542 2257 δὲ
1574 2203 1636 2257 αἰ
1659 2207 1724 2257 N
1727 2202 1791 2272 Ξ,
1819 2206 1950 2272 ΟΠ,

251 2290 344 2345 καὶ
383 2291 618 2364 κέντρον
659 2296 720 2348 τὸ
761 2297 822 2363 Ρ,
861 2291 952 2347 καὶ
991 2294 1053 2346 τὸ
1089 2297 1144 2345 A
1183 2302 1415 2362 σημεῖον
1455 2294 1593 2346 ἔστω
1635 2291 1696 2346 ἐν
1735 2293 1802 2363 τῇ
1839 2287 1951 2346 ὑπὸ

253 2379 424 2440 ΞΡΠ
456 2384 652 2457 γωνίᾳ,
690 2380 783 2436 καὶ
824 2378 1094 2452 ἤχθωσαν
1127 2381 1189 2434 αἰ
1217 2385 1346 2447 AE,
1371 2384 1427 2433 A
1437 2385 1482 2433 Z
1515 2379 1816 2450 τέμνουσαι
1845 2376 1950 2450 τὴν

164 2481 221 2521 25
254 2463 574 2539 ὑπερβολὴν
616 2469 842 2541 ἑκατέρα
881 2466 1017 2523 κατὰ
1061 2467 1164 2523 δύο
1207 2479 1429 2539 σημεῖα,
1477 2467 1569 2522 καὶ
1608 2468 1948 2540 περιεχέσθω

253 2553 319 2610 τὰ
353 2561 419 2626 Ε,
445 2562 491 2611 Θ
529 2554 638 2612 ὑπὸ
671 2561 784 2612 τῶν
819 2563 883 2627 Ζ,
908 2563 983 2627 Η,
1024 2558 1115 2612 καὶ
1148 2560 1305 2627 ἔστω,
1347 2553 1421 2621 ὡς
1452 2555 1555 2626 μὲν
1593 2553 1626 2627 ἡ
1660 2562 1775 2611 ΕΛ
1812 2574 1952 2626 προς

257 2651 384 2715 ΔΘ,
425 2642 606 2716 ἡΕΚ
643 2644 782 2718 πρὸς
820 2651 949 2716 ΚΘ,
992 2643 1065 2710 ὡς
1105 2644 1166 2701 δὲ
1205 2642 1239 2715 ἡ
1275 2650 1385 2698 ZA
1424 2645 1563 2716 πρὸς
1597 2649 1734 2714 ΛΗ,
1773 2640 1806 2714 ἡ
1842 2647 1950 2698 ΖΛ

378 2782 448 2822 10.
489 2775 540 2821 τὸ
575 2776 683 2836 μέν]
724 2774 775 2822 τὸ
810 2775 864 2821 δέ
905 2777 1076 2833 Halley
1106 2778 1361 2852 praeeunte
1395 2775 1747 2821 Commandino.
1878 2779 1949 2820 11.

257 2835 409 2895 ε’σται]
437 2832 466 2895 ᾖ
494 2837 674 2895 Halley.
799 2841 867 2882 18.
902 2837 1199 2895 διαιρέσεων]
1226 2851 1272 2893 p,
1306 2834 1534 2894 αἱρέσεων
1559 2835 1614 2882 V.
1737 2838 1808 2880 24.
1841 2833 1952 2891 τέμ-

257 2911 445 2969 νουσαι]
482 2924 561 2968 cp,
594 2911 666 2957 bis
697 2909 753 2955 V.
876 2915 947 2956 25.
980 2909 1090 2968 δύο]
1127 2914 1155 2969 β
1188 2910 1241 2957 V.
