2046 3256
1576 11 1606 23 V

395 167 566 208 PAPPI
595 164 886 207 LEMMATA
916 166 981 208 IN
1014 164 1209 208 CONIC.
1241 163 1354 205 LIB.
1386 162 1545 204 I—IV.
1702 157 1806 209 159

127 283 299 354 λόγον
341 286 449 354 ἔχει
489 282 626 353 ἤπερ
665 280 727 336 τὸ
767 272 873 335 ἀπὸ
917 286 1016 335 ΖΘ
1061 280 1201 350 πρὸς
1242 277 1305 334 τὸ
1346 275 1454 332 ἀπὸ
1495 282 1621 345 ΘΔ,
1668 273 1806 331 ἀλλὰ

123 373 187 428 τὸ
229 370 337 427 ἀπὸ
378 375 495 425 ΓΗ
543 377 669 425 ἴσον
718 369 866 425 ἐστὶν
914 376 987 444 τῷ
1036 366 1143 423 ὑπὸ
1184 372 1378 437 ΒΗΓ,
1432 363 1494 421 τὸ
1544 363 1651 433 ἄρα
1696 361 1807 419 ὑπο

15 496 21 524 -,
127 464 303 515 ΒΗΓ
333 478 475 530 προς
504 460 567 514 τὸ
603 456 711 513 ἀπὸ
746 463 870 512 ΑΗ
903 455 1177 511 ἐλάσσονα
1216 455 1389 526 λόγον
1430 458 1539 525 ἔχει
1577 454 1714 524 ἤπερ
1747 453 1808 507 τὸ

128 546 236 604 ἀπὸ
279 552 382 601 ΖΘ
428 545 568 620 πρὸς
613 546 675 602 τὸ
723 544 829 601 ἀπὸ
879 551 1004 600 ΘΛ.
1089 541 1208 599 ἀλλ’
1255 542 1328 608 ὡς
1373 541 1436 598 τὸ
1483 541 1592 597 ὑπὸ
1641 545 1816 597 ΒΗΓ

14 1168 20 1217 '.
124 1147 262 1221 πρὸς
300 1147 362 1203 τὸ
403 1145 510 1202 ἀπὸ
552 1151 688 1215 ΑΗ,
731 1143 908 1210 οὕτως
938 1142 1189 1199 ὑπέκειτο
1229 1165 1291 1199 το
1331 1141 1439 1199 ὑπὸ
1475 1150 1633 1199 ΕΘΖ
1673 1144 1809 1215 πρὸς
1872 1155 1897 1194 5

123 1235 186 1293 τὸ
227 1234 335 1292 ἀπὸ
375 1242 501 1290 ΘΔ·
548 1235 640 1289 καὶ
679 1234 740 1290 τὸ
781 1231 892 1288 ὑπὸ
933 1239 1090 1287 ΕΘΖ
1131 1232 1238 1303 ἄρα
1277 1233 1416 1305 πρὸς
1454 1232 1515 1288 τὸ
1558 1231 1664 1289 ἀπὸ
1706 1240 1809 1288 ΘΔ

125 1323 401 1380 ἐλάσσονα
440 1322 613 1394 λόγον
661 1326 769 1393 ἔχει
816 1320 955 1392 ἥπερ
1003 1322 1064 1376 τὸ
1108 1319 1215 1376 ἀπὸ
1258 1326 1359 1376 ΖΘ
1407 1325 1545 1392 πρὸς
1590 1325 1652 1377 τὸ
1700 1320 1808 1376 ἀπὸ

124 1418 243 1468 ΘΔ.
326 1416 512 1482 μεῖζον
567 1409 673 1481 ἄρα
722 1410 872 1466 ἐστὶν
918 1412 979 1464 τὸ
1028 1407 1134 1464 ἀπὸ
1183 1414 1284 1464 ΖΘ
1335 1413 1437 1464 τοῦ
1490 1409 1598 1465 ὑπὸ
1650 1415 1809 1464 ΕΘΖ

16 1488 22 1574 J
127 1502 299 1569 [Eucl.
330 1501 397 1568 V,
434 1502 547 1568 10]·
588 1496 726 1554 ὥστε
766 1502 964 1569 μείζων
1005 1497 1154 1552 ἐστὶν
1195 1494 1228 1568 ἡ
1270 1503 1371 1551 ΖΘ
1409 1500 1505 1567 τῆς
1542 1503 1659 1552 ΘΕ.

862 1735 976 1787 Τοῦ
1006 1731 1077 1802 γ’.
1846 1741 1898 1781 10

7 1856 28 1957 ξ
239 1865 311 1922 α’.
358 1863 705 1936 Καταγραφὴ
743 1862 1215 1936 ἣΑΒΓΔΕΖΗ,
1249 1869 1385 1920 ἔστω
1420 1865 1481 1921 δὲ
1514 1873 1604 1937 ἴση
1638 1864 1811 1937 ἡΒΗ

11 1972 25 2038 g
122 1957 189 2026 τῇ
221 1958 361 2008 ΗΓ·
403 1954 487 2009 ὅτι
525 1952 878 2025 παράλληλός
917 1955 1066 2008 ἐστιν
1105 1951 1138 2024 ἡ
1179 1960 1283 2008 ΕΖ
1320 1956 1385 2026 τῇ
1426 1959 1541 2009 ΒΓ.

12 2040 19 2082 3
286 2092 322 2135 θ
450 2078 503 2116 A
626 2098 686 2140 K
853 2039 1012 2111 ἤχθω
1054 2039 1146 2095 διὰ
1185 2044 1284 2096 τοῦ
1325 2051 1378 2096 A
1420 2046 1485 2115 τῇ
1526 2047 1636 2097 ΒΓ
1674 2063 1809 2114 παρ-

328 2128 618 2259 VAV
743 2127 980 2198 άλληλος
1024 2129 1058 2199 ἡ
1104 2134 1235 2198 ΘΚ,
1289 2131 1380 2184 καὶ
1427 2131 1807 2201 ἐκβεβλήσθω-

334 2235 380 2274 E
744 2233 849 2270 σαν
876 2218 936 2270 αἱ
956 2221 1076 2286 ΒΖ,
1097 2221 1203 2271 ΓΕ
1225 2217 1313 2272 ἐπὶ
1335 2219 1401 2272 τὰ
1429 2224 1500 2287 Κ,
1526 2224 1572 2272 Θ
1598 2230 1806 2289 σημεῖα.
1844 2222 1898 2262 15

518 2250 556 2285 Ζ

400 2260 503 2331 'V
745 2303 859 2359 ἐπεὶ
901 2297 1005 2358 οὖν
1045 2311 1135 2375 ἴση
1178 2305 1326 2360 ἐστὶν
1365 2303 1399 2375 ἡ
1432 2311 1553 2360 ΒΗ
1582 2309 1648 2377 τῇ
1681 2310 1810 2375 ΗΓ,

744 2398 834 2462 ἴση
883 2390 991 2463 ἄρα
1038 2393 1187 2449 ἐστὶν
1232 2394 1323 2448 καὶ
1363 2391 1396 2464 ἡ
1451 2399 1551 2448 ΘΑ
1589 2401 1654 2465 τῇ
1696 2398 1806 2448 ΑΚ

747 2481 917 2547 [Eucl.
941 2481 1034 2547 VI,
1058 2484 1132 2550 4].
1197 2485 1346 2537 ἔστιν
1377 2481 1502 2552 ἄρα,
1544 2479 1617 2547 ὡς
1647 2478 1680 2552 ἡ
1708 2486 1818 2535 ΒΓ

594 2605 652 2643 1⁷
744 2565 880 2639 πρὸς
918 2565 1020 2638 τὴν
1046 2574 1162 2639 ΘΑ,
1201 2571 1486 2625 τουτέστιν
1528 2567 1601 2634 ὡς
1638 2567 1671 2639 ἡ
1704 2575 1812 2623 ΒΕ

359 2640 419 2678 ff
744 2656 884 2726 πρὸς
914 2656 1018 2725 τὴν
1051 2661 1157 2711 ΕΑ
1192 2660 1364 2726 [Eucl.
1393 2659 1482 2728 VI,
1514 2660 1592 2725 4]‚
1634 2654 1808 2720 οὕτως
1840 2665 1899 2704 20

127 2739 161 2810 ἡ
209 2745 317 2796 ΒΓ
363 2739 503 2812 πρὸς
546 2739 646 2812 τὴν
691 2747 805 2796 ΚΑ
850 2745 1021 2810 [Eucl.
1051 2745 1117 2815 V,
1158 2748 1241 2815 7]‚
1294 2745 1577 2799 τουτέστιν
1628 2741 1662 2813 ἡ
1709 2748 1807 2797 ΓΖ

127 2827 263 2899 πρὸς
304 2835 410 2883 ΖΑ
452 2831 625 2899 [Eucl.
657 2831 750 2902 VI,
782 2834 867 2898 4]·
907 2830 1255 2904 παράλληλος
1295 2831 1404 2904 ἄρα
1443 2832 1591 2886 ἐστὶν
1631 2828 1664 2901 ἡ
1704 2836 1807 2885 ΕΖ

126 2918 191 2986 τῇ
233 2918 546 2985 Br[Eu01.
578 2919 775 2988 V1,2].
