2046 3224
232 141 272 186 L
859 141 1324 187 PROLEGOMENA.

357 275 403 317 p.
437 263 540 315 432,
572 262 598 301 2
625 259 789 317 ΒΔΗ]
826 261 969 303 ΗΔΒ
1091 264 1117 304 3
1151 255 1245 305 ὑπό
1272 259 1413 319 (alt.)]
1447 274 1563 307 corr.
1597 275 1653 307 ex
1685 258 1783 309 ἀπό
1907 267 1940 309 6

237 326 307 384 ν’]
341 341 455 372 corr.
490 340 546 370 ex
578 329 611 382 ῑὶ

356 409 401 451 p.
434 396 537 447 434,
573 397 594 436 1
639 392 734 450 ἴση]
777 392 851 448 ἴση
888 388 1013 437 ἐστίν
1135 394 1231 452 ἴση]
1267 395 1341 451 ἴση
1376 390 1478 439 ἐστί
1600 400 1626 439 2
1667 393 1697 453 ἡ
1731 393 1785 442 δέ
1818 422 1873 430 -
1907 402 1936 443 3

234 465 290 520 τῇ
325 457 419 505 ὑπὸ
456 458 639 517 ΕΜΗ]
682 455 783 503 ἄλλ’
820 456 849 515 ἡ
884 456 970 516 μὲν
1001 456 1096 504 ὑπὸ
1132 463 1266 504 ΓΕΖ
1308 462 1382 518 ἴση
1418 458 1515 506 ἐστὶ
1552 463 1609 520 τῇ
1640 459 1735 508 ὑπὸ
1761 466 1936 520 ΕΜΗ,

237 530 314 584 ἴση
347 525 400 572 δὲ
434 526 515 571 καὶ
546 524 575 582 ἡ
608 522 703 579 ὑπὸ
740 529 895 570 ΔΕΗ
920 526 974 584 τῇ
1013 522 1108 570 ὑπὸ
1141 530 1307 571 ΜΕΗ
1406 533 1434 572 4
1467 529 1574 588 καί]
1611 543 1699 575 om.
1799 535 1826 576 8
1859 532 1940 588 ἴση

232 593 262 651 ἡ
303 595 400 653 ΘΑ]
434 591 462 649 ἡ
497 594 585 638 ΑΘ
618 594 692 648 ἴση
831 596 885 635 21
928 589 1014 648 τὴν
1046 590 1286 652 γραμμήν]
1321 594 1435 651 μίαν
1466 598 1560 639 τῶν
1590 597 1746 654 τομῶν
1777 593 1866 654 τὴν
1897 601 1938 642 Β

297 661 411 719 ΖΔ]
455 663 541 704 ΔΖ
670 664 725 703 22
773 657 1016 718 ὑπερέχει]
1057 661 1227 717 μείζων
1269 656 1370 705 ἐστί
1493 666 1550 707 23
1597 658 1755 722 ἤχθω]
1796 660 1937 722 ἤχθω

232 727 323 786 γάρ
446 731 503 772 28
536 726 632 785 ἴση]
666 727 742 782 ἴση
776 722 903 771 ἐστίν

354 811 398 853 p.
433 798 537 848 436,
572 798 595 837 1
630 789 756 838 ἐστιν
789 793 886 852 ἴση]
920 793 995 850 ἴση
1031 789 1156 838 ἐστίν
1264 800 1289 839 2
1325 796 1429 854 ΖΕ]
1454 798 1540 840 ΕΖ
1642 794 1739 842 ἔστι
1770 798 1936 858 διπλῆ]

236 863 377 919 διπλῆ
428 858 525 906 ἔστι
663 865 716 905 13
765 861 875 919 ΑΒ]
923 865 1004 904 ΑΒ
1053 859 1248 918 κέντρον
1297 860 1351 907 δὲ
1392 860 1444 907 τὸ
1489 867 1540 908 Η
1674 869 1727 910 15
1775 858 1934 926 ΑΔΒ]

233 933 330 986 ΒΔ,
358 933 444 973 ΛΑ
540 932 594 972 16
628 927 919 986 PEA(pr.)]
954 930 1062 983 ΓΕ,
1090 931 1184 973 ΔΕ
1279 933 1333 985 18
1367 927 1563 988 κέντρον
1587 957 1644 964 —-
1672 935 1727 976 19
1761 927 1939 991 αὐτοῦ]

232 993 313 1042 διὰ
346 996 430 1041 τοῦ
464 998 516 1039 Η
613 999 666 1039 19
702 995 817 1054 ΓΕ]
853 997 947 1039 ΓΕ
979 990 1115 1051 ἤχθω
1219 1001 1274 1042 20
1309 997 1470 1055 ΖΕΓ]
1504 1000 1644 1042 ΓΕΖ
1742 1003 1799 1044 21
1833 999 1931 1058 ἴση]

235 1061 363 1109 ἐστιν
395 1064 471 1120 ἴση
594 1067 650 1106 22
692 1060 774 1106 καὶ
805 1058 855 1119 ἡ]
890 1057 913 1106 ⁷³
1043 1066 1098 1106 23
1139 1063 1236 1121 ἴση]
1276 1059 1402 1108 ἔστιν
1436 1065 1511 1121 ἴση
1635 1069 1693 1110 24
1726 1065 1822 1125 ἴση]
1856 1066 1935 1123 ἴση

234 1128 360 1176 ἐστίν
484 1135 540 1174 26
574 1126 603 1187 ἡ
639 1129 806 1187 ΓΕΔ]
841 1124 935 1183 ἄρα
967 1125 996 1184 ἡ
1033 1132 1180 1173 ΓΕΔ
1305 1127 1423 1190 ἐστι]
1457 1145 1547 1177 om.

351 1213 395 1255 p.
414 1201 515 1252 438,
536 1200 590 1240 10
616 1193 910 1253 τεταγμένως
927 1195 1248 1255 κατηγμένην]
1273 1197 1566 1255 τεταγμένην
1653 1202 1706 1244 11
1725 1198 1934 1258 διήχθω-

230 1265 341 1323 σαν]
363 1260 728 1320 ἐπεζεύχθωσαν
806 1266 860 1305 21
888 1263 989 1321 ΖΑ]
1010 1266 1084 1306 ΒΑ
1161 1267 1218 1307 26
1245 1265 1352 1322 ΓΕ]
1378 1267 1474 1308 ΕΓ
1545 1269 1601 1310 27
1628 1261 1702 1324 ἐκ]
1719 1262 1856 1323 λόγος
1878 1263 1934 1313 ἐκ

350 1346 395 1388 p.
429 1334 531 1385 440,
563 1334 617 1374 21
654 1330 763 1386 δίχα
795 1326 1066 1388 τετμήσθω]
1100 1326 1346 1387 τετμήσθω
1381 1333 1491 1388 δίχα

350 1412 394 1454 p.
429 1401 531 1453 442,
568 1402 621 1441 12
655 1397 839 1454 ΝΒΜ]
873 1396 967 1440 τῶν
999 1400 1113 1452 ΜΒ,
1139 1400 1240 1441 ΒΝ
1348 1401 1458 1456 post
1486 1400 1635 1444 ΛΘΚ
1661 1414 1834 1459 magna
1863 1401 1932 1446 la-

231 1479 352 1510 cuna
490 1468 547 1507 14
586 1464 710 1522 ΝΓ]
752 1463 845 1506 τῶν
885 1465 989 1506 NP
1023 1478 1137 1509 corr.
1172 1477 1229 1507 ex
1267 1465 1329 1508 τῶ
1372 1468 1476 1509 NP
1608 1469 1796 1526 NBM]
1837 1469 1935 1513 τῶν

231 1536 347 1587 ΜΒ,
373 1534 472 1575 ΒΝ
605 1533 660 1574 18
700 1530 820 1585 ΚΘ]
858 1530 898 1573 Θ
929 1543 954 1573 e
988 1543 1103 1576 corr.
1244 1534 1297 1574 21
1332 1533 1518 1590 NBM]
1553 1533 1648 1576 τῶν
1680 1536 1790 1590 ΝΒ,
1816 1538 1932 1592 ΒΜ,

231 1602 338 1643 ΒΜ
369 1600 419 1642 in
449 1612 540 1642 ras.
662 1593 713 1640 τὸ
756 1592 850 1639 ὑπὸ
886 1596 1011 1654 ΗΓ]
1051 1596 1100 1641 in
1131 1611 1220 1642 ras.
1345 1603 1402 1642 24
1445 1596 1546 1656 ἔχει
1584 1596 1636 1644 τὸ
1670 1596 1797 1660 ὑπό]
1837 1602 1933 1646 τῶν

290 1666 417 1724 ΑΜ]
460 1679 484 1709 e
517 1678 632 1709 corr.
756 1667 811 1707 27
853 1663 937 1706 τοῦ
970 1663 1083 1721 τοῦ]
1125 1680 1173 1708 τε
1208 1665 1292 1708 τοῦ
1334 1679 1449 1711 corr.
1483 1679 1540 1710 ex
1580 1662 1632 1711 τὸ
1665 1667 1750 1713 τοῦ
1872 1673 1933 1714 28

229 1728 334 1777 ἄλλ’
364 1728 425 1783 ὡς
458 1729 568 1789 μέν]
601 1731 651 1774 in
682 1743 767 1774 ras.

349 1815 394 1857 p.
428 1801 530 1854 444,
564 1803 589 1842 3
622 1797 707 1842 τοῦ
740 1796 845 1855 τοῦ]
879 1812 928 1841 τε
960 1801 1045 1841 τοῦ
1170 1803 1226 1841 23
1261 1802 1340 1843 ΖΔ
1353 1800 1412 1858 Θ]
1448 1802 1542 1845 ΔΘ
1574 1814 1599 1845 e
1631 1814 1747 1846 corr.
1872 1806 1931 1846 24

229 1863 326 1911 ἀπὸ
361 1868 457 1909 ΓΗ
490 1890 547 1898 —
580 1867 636 1907 25
669 1863 791 1921 NA]
825 1860 919 1907 ὑπὸ
953 1864 1046 1907 τῶν
1078 1867 1184 1920 ΑΗ,
1213 1869 1309 1909 ΗΛ
1347 1864 1464 1923 πρὸς
1502 1864 1554 1910 τὸ
1587 1862 1685 1911 ἀπὸ
1715 1867 1799 1924 τῆς
1833 1869 1937 1913 ΓΗ

230 1930 283 1977 τὸ
316 1928 412 1977 ὑπὸ
445 1931 539 1975 τῶν
571 1932 672 1985 ΑΘ,
702 1932 805 1974 ΔΝ
832 1927 949 1986 πρὸς
982 1927 1031 1974 τὸ
1066 1923 1161 1975 ἀπὸ
1194 1932 1276 1988 τῆς
1308 1936 1396 1976 ΑΔ
1518 1938 1574 1978 26
1607 1934 1708 1992 ΑΔ]
1744 1938 1824 1979 ΔΑ

349 2014 393 2057 p.
427 2002 528 2054 446,
565 2002 586 2040 1
629 1997 754 2054 ΕΗ]
792 1999 884 2040 ΗΕ
1007 2003 1031 2041 9
1066 1998 1167 2056 AA]
1201 2003 1281 2042 ΔΑ
1406 2004 1460 2044 10
1493 2000 1595 2059 ΑΔ]
1630 2003 1710 2044 ΔΑ
1828 2001 1927 2060 ΘΑ]

229 2067 320 2111 ΑΘ
444 2069 497 2109 12
531 2061 775 2121 σύγκειται
808 2089 864 2096 —-
899 2067 954 2108 13
986 2065 1089 2123 ΑΔ]
1123 2064 1173 2109 in
1203 2080 1292 2111 raS.
1417 2066 1527 2124 ΑΘ]
1560 2066 1652 2111 τῶν
1684 2069 1796 2124 ΑΘ,
1831 2071 1868 2112 Α
1903 2083 1932 2114 θ

228 2146 345 2178 corr.
472 2135 524 2174 15
558 2134 666 2187 ΝΔ,
691 2131 806 2189 ΑΘ]
840 2131 932 2174 τῶν
964 2133 1066 2187 ΑΘ,
1092 2134 1207 2187 ΝΔ,
1249 2137 1284 2176 Α
1318 2146 1342 2176 e
1378 2147 1493 2179 corr.
1620 2137 1675 2178 16
1707 2131 1797 2193 ὡς]
1832 2131 1927 2192 ἄρα

229 2197 292 2251 ὡς
416 2203 469 2243 17
506 2201 611 2253 ΝΛ,
637 2197 748 2256 ΛΘ]
784 2199 886 2253 ΑΘ,
916 2199 1005 2241 ΝΛ

348 2282 393 2323 p.
428 2270 530 2320 448,
564 2271 589 2309 6
623 2262 871 2322 τετμήσθω
905 2266 1015 2321 δίχα
1122 2270 1148 2309 8
1183 2267 1297 2325 ΒΕ]
1338 2270 1423 2310 ΕΒ
1520 2269 1641 2326 ΑΕ]
1685 2271 1768 2315 ΕΑ
1829 2277 1832 2283 “
1871 2275 1928 2314 12

230 2330 284 2378 ἐκ
316 2333 400 2377 τοῦ
435 2332 545 2390 τοῦ]
594 2329 646 2376 ἔκ
686 2347 733 2375 τε
776 2332 860 2376 τοῦ
902 2326 957 2375 ὃν
999 2329 1096 2388 ἔχει
1137 2330 1187 2378 τό
1311 2333 1421 2392 τοῦ]
1466 2328 1522 2378 ὃν
1565 2332 1661 2390 ἔχει
1692 2331 1747 2379 τό
1871 2340 1927 2380 16

233 2402 392 2455 ΗΓΚ,
428 2399 584 2456 ΘΛΖ]
626 2401 787 2453 ΚΓΗ,
824 2399 952 2442 ΘΔΖ
1077 2403 1131 2444 18
1175 2400 1301 2458 HH]
1345 2402 1448 2443 KH
1566 2404 1623 2444 20
1663 2397 1770 2459 τήν]
1810 2415 1926 2448 corr.

227 2480 285 2510 ex
317 2466 371 2521 τῆ
495 2470 551 2509 25
588 2465 694 2523 ΘΒ]
729 2468 763 2508 Β
797 2477 822 2508 e
855 2478 971 2510 corr.

347 2548 392 2589 p.
427 2536 527 2587 450,
561 2537 587 2575 3
629 2535 730 2586 KB,
769 2536 805 2574 Α
818 2532 889 2589 Η]
934 2535 1037 2587 HA,
1071 2537 1158 2576 KB
1290 2538 1314 2578 5
1360 2531 1503 2591 μέσου
1545 2534 1926 2593 λαμβανομένου]

226 2599 278 2644 in
307 2613 396 2644 ras.
521 2602 547 2642 5
581 2599 664 2642 τοῦ
695 2598 802 2656 τοῦ]
834 2614 882 2642 τε
916 2603 1000 2642 τοῦ
1125 2605 1149 2645 7
1187 2601 1271 2645 ΘΔ
1281 2600 1335 2659 Ζ]
1370 2600 1461 2645 τῶν
1497 2602 1594 2657 ΘΖ,
1620 2605 1707 2646 ΔΖ
1816 2603 1924 2661 ΘΒ]

229 2671 265 2709 Β
298 2680 323 2710 e
355 2681 469 2711 corr.
597 2670 649 2709 11
690 2665 772 2709 τοῦ
806 2665 912 2722 τοῦ]
946 2681 993 2710 τε
1029 2667 1111 2710 τοῦ
1237 2672 1291 2711 14
1333 2662 1406 2726 ἐκ]
1449 2665 1500 2712 ἔκ
1532 2683 1580 2712 τε
1706 2672 1758 2713 16
1800 2669 1924 2726 ΒΝ]

227 2735 322 2776 ΝΒ
450 2737 502 2777 17
536 2728 608 2790 ἐκ]
644 2729 696 2775 ἔκ
729 2747 775 2774 τε
901 2735 956 2775 20
990 2732 1073 2776 τοῦ
1107 2733 1212 2791 τοῦ]
1246 2734 1329 2778 τοῦ

350 2800 406 2843 II
437 2815 482 2857 p.
515 2804 541 2842 2
579 2796 879 2842 Ἀπολλωνίου
921 2799 1003 2842 τοῦ
1037 2801 1279 2856 Περγαιόυ
1320 2805 1533 2844 κωνικῶν
1575 2802 1754 2860 βιβλίον
1786 2794 1820 2845 ὅ
1847 2797 1922 2845 ἐκ-

227 2862 405 2917 δόσεως
437 2862 671 2910 Εὐτοκίου
701 2860 1029 2909 Ἀσκαλωνίτου
1133 2870 1157 2909 7
1191 2867 1283 2910 τῶν
1315 2861 1403 2923 ὑφ’
1436 2864 1570 2925 ἡμῶν
1602 2882 1924 2932 πραγματευο-

226 2949 383 2989 μενων
