2046 3256
235 140 342 194 180
713 142 1152 186 COMMENTARIA
1182 145 1466 198 ANTIQUA.

234 258 445 332 ἀγάγῃς
502 259 587 316 ἐπὶ
644 259 748 331 τὴν
806 260 1139 335 διάμετρον,
1201 262 1421 334 ποιήσει
1474 262 1538 319 τὸ
1593 267 1934 339 προβληθέν.

236 346 442 420 ὁμοίως
491 348 552 404 δὲ
601 352 867 422 δοθείσης
914 348 1142 417 εὐθείας
1198 350 1297 407 ἐάν
1342 374 1426 418 τις
1473 353 1697 427 ἐπιτάξῃ
1746 352 1933 428 εὑρεῖν

234 436 388 502 ἐκτὸς
428 436 599 510 αὐτῆς
632 450 882 510 σημεῖον,
923 437 1023 511 ἀφ’
1063 433 1131 496 οὗ
1165 444 1226 495 αἱ
1256 441 1714 514 ἐπιζευγνύμεναι
1745 445 1833 501 ἐπὶ
1865 444 1931 501 τὰ

233 528 442 600 πέρατα
488 531 587 599 τῆς
633 528 859 594 εὐθείας
912 535 1029 584 ἴσαι
1084 533 1309 585 ἔσονται
1355 527 1651 603 ἀλλήλαις,
1702 532 1794 588 καὶ
1845 534 1933 590 ἐπὶ

174 630 200 670 5
232 616 440 672 τούτου
481 618 549 672 οὐ
587 616 767 688 μόνον
807 620 868 672 ἓν
910 617 1141 689 σημεῖόν
1183 621 1296 674 ἐστι
1343 617 1407 675 τὸ
1446 624 1652 676 ποιοῦν
1694 620 1758 678 τὸ
1798 623 1931 694 πρό·

231 710 441 776 βλημα,
489 703 631 761 ἀλλὰ
677 704 869 777 τόπος,
920 706 987 763 ὃν
1033 709 1210 780 ἐπέχει
1249 706 1283 779 ἡ
1325 705 1433 764 άπὸ
1473 713 1572 780 τῆς
1612 714 1931 783 διχοτομίας

230 793 371 866 πρὸς
412 792 591 866 ὀρθὰς
638 793 907 867 ἀγομένη·
955 794 1054 852 ἐὰν
1092 797 1200 869 γὰρ
1240 796 1343 868 τὴν
1385 800 1659 854 δοθεῖσαν
1699 797 1931 857 εὐθεῖαν

233 887 360 955 δίχα
398 883 583 956 τεμών
624 884 717 940 καὶ
758 882 868 941 άπὸ
908 889 1008 957 τῆς
1048 889 1370 958 διχοτομίας
1407 886 1545 959 πρὸς
1585 884 1762 960 ὀρθὰς
1800 887 1934 960 άγά-

230 995 355 1046 γῃς,
405 970 433 1028 ὃ
476 970 550 1028 ἂν
596 972 680 1029 ἐπ’
726 972 898 1045 αὐτῆς
937 973 1111 1048 λάβῃς
1150 987 1409 1047 σημεῖον,
1457 976 1677 1048 ποιήσει
1715 977 1778 1034 τὸ
1821 979 1932 1034 ἐπι-

144 1077 198 1116 10
230 1063 456 1134 ταχθέν.

344 1150 543 1223 ὅμοιον
583 1153 790 1224 γράφει
827 1153 919 1209 καὶ
962 1152 1132 1219 αὐτὸς
1159 1152 1533 1220 Ἀπολλιόνιος
1572 1156 1633 1211 ἐν
1671 1159 1748 1233 τῷ
1776 1154 1932 1212 Ἀνα-

236 1243 493 1318 λυομένῳ
533 1245 682 1317 τόπῳ
724 1243 811 1298 ἐπὶ
851 1246 955 1299 τοῦ
994 1241 1380 1315 ὑποκειμένου.

343 1330 446 1386 δύο
489 1333 779 1387 δοθέντων
817 1329 1105 1401 [εὐθειῶν]
1140 1334 1201 1388 ἐν
1235 1333 1471 1409 ἐπιπέδῳ
1507 1334 1646 1404 [καὶ]
1681 1338 1928 1406 σημείων

229 1421 322 1476 καὶ
376 1421 549 1492 λόγου
605 1422 876 1487 δοθέντος
930 1419 1146 1478 ἀνίσων
1194 1420 1437 1479 εὐθειῶν
1486 1422 1732 1479 δυνατόν
1781 1425 1932 1479 ἐστιν

143 1523 196 1564 15
231 1512 292 1566 ἐν
346 1514 420 1585 τῷ
479 1511 717 1586 ἐπιπέδῳ
773 1510 986 1582 γράψαι
1039 1510 1248 1567 κύκλον
1305 1510 1444 1567 ὥστε
1498 1512 1595 1577 τὰς
1650 1510 1759 1568 άπὸ
1815 1515 1929 1568 τῶν

232 1601 522 1655 δοθέντων
578 1604 823 1672 σημείων
878 1600 965 1656 ἐπὶ
1012 1600 1115 1671 τὴν
1163 1602 1524 1675 περιφέρειαν
1570 1603 1673 1657 τοῦ
1719 1600 1930 1656 κύκλου

230 1691 518 1760 κλωμένας
558 1686 787 1754 εὐθείας
824 1687 1000 1760 λόγον
1040 1693 1186 1761 ἔχειν
1225 1691 1329 1746 τὸν
1370 1688 1544 1746 αὐτὸν
1575 1693 1650 1766 τῷ
1686 1690 1932 1745 δοθέντι.

345 1783 482 1834 ἔστω
530 1777 597 1833 τὰ
646 1778 749 1849 μὲν
791 1778 1037 1834 δοθέντα
1078 1790 1278 1849 σημεῖα
1316 1780 1383 1833 τὰ
1426 1786 1501 1850 Α,
1542 1785 1616 1850 Β,
1665 1778 1831 1850 λόγος
1871 1777 1933 1834 δὲ

232 1864 262 1922 ὃ
310 1870 407 1938 τῆς
446 1871 500 1921 Γ
538 1868 679 1939 πρὸς
724 1865 826 1938 τὴν
868 1874 922 1921 A
968 1872 1219 1938 μείζονος
1268 1869 1438 1939 οὔσης
1486 1871 1583 1939 τῆς
1622 1873 1690 1924 Γ·
1739 1871 1827 1923 δεῖ
1863 1866 1933 1939 δὴ

146 1969 203 2009 20
235 1959 465 2027 ποιῆσαι
518 1955 581 2012 τὸ
640 1957 953 2027 ἐπιταχθέν.
1040 1957 1351 2028 ἐπεζεύχθω
1406 1955 1441 2028 ἡ
1489 1963 1598 2012 ΑΒ
1645 1957 1737 2012 καὶ
1785 1958 1934 2027 ἐκβε-

232 2044 467 2116 βλήσθω
509 2045 598 2100 ἐπὶ
636 2044 703 2099 τὰ
742 2045 882 2118 πρὸς
920 2049 997 2121 τῷ
1036 2051 1083 2099 Β
1124 2047 1280 2117 μέρη,
1321 2046 1412 2101 καὶ
1453 2047 1746 2116 γεγονέτω,
1786 2043 1861 2111 ὡς
1898 2042 1932 2117 ἡ

235 2142 290 2190 A
327 2135 469 2205 πρὸς
507 2133 611 2205 τὴν
652 2139 714 2203 Γ,
755 2132 788 2205 ἡ
824 2140 876 2190 Γ
907 2133 1046 2207 πρὸς
1086 2133 1264 2207 ἄλλην
1303 2135 1429 2190 τινὰ
1471 2140 1695 2205 μείζονα
1734 2138 1932 2207 δηλον-

233 2223 318 2279 ότι
363 2227 462 2294 τῆς
501 2231 580 2294 Δ,
627 2223 720 2278 καὶ
769 2228 933 2294 ἔστω,
990 2228 1041 2279 εί
1080 2223 1264 2294 τύχοι,
1312 2225 1452 2293 πρὸς
1498 2223 1602 2294 τὴν
1647 2229 1786 2294 ΕΔ,
1841 2223 1932 2279 καὶ

231 2311 402 2367 πάλιν
449 2313 748 2383 γεγονέτω,
798 2310 871 2378 ὡς
917 2310 951 2383 ἡ
1000 2318 1052 2367 Ε
1095 2311 1235 2383 πρὸς
1281 2311 1385 2383 τὴν
1434 2317 1568 2381 ΑΒ,
1616 2309 1650 2383 ἡ
1692 2318 1748 2367 Δ
1792 2313 1935 2385 πρὸς

145 2414 203 2455 25
234 2400 338 2472 τὴν
378 2406 483 2455 ΒΖ
533 2402 622 2456 καὶ
670 2400 705 2455 ὦ
751 2407 804 2456 Γ
842 2402 981 2469 πρὸς
1027 2401 1131 2472 τὴν
1169 2405 1241 2456 Η.
1323 2399 1573 2472 φανερὸν
1622 2399 1718 2473 δή,
1766 2399 1850 2456 ’ὅτι
1896 2399 1932 2472 ἥ

235 2511 294 2545 τε
341 2494 395 2544 Γ
434 2490 571 2560 μέση
621 2487 907 2561 ἀνάλογόν
957 2492 1071 2545 ἐστι
1118 2493 1215 2560 τῆς
1255 2495 1370 2543 EA
1411 2489 1500 2544 καὶ
1541 2491 1639 2559 τῆς
1672 2496 1726 2544 A
1763 2489 1856 2544 καὶ
1896 2487 1931 2561 ἡ

358 2660 397 2698 1.
431 2648 627 2711 άγάγεις
652 2652 723 2696 W.
827 2658 869 2696 2.
905 2650 1114 2705 ἐπιτάξει
1137 2651 1212 2696 W.
1314 2648 1492 2710 εὑρεῖν]
1526 2656 1658 2697 -εῑν
1690 2665 1715 2695 e
1746 2665 1862 2697 corr.
1886 2666 1932 2708 p.

296 2719 336 2757 4.
372 2713 475 2770 τῆς]
508 2712 581 2756 bis
612 2725 656 2768 p.
790 2715 829 2754 5.
865 2707 989 2756 ἐστιν
1027 2711 1095 2755 W.
1221 2716 1259 2755 6.
1294 2709 1451 2766 τόπος,
1484 2708 1561 2769 ὅν]
1594 2706 1645 2754 τὸ
1678 2726 1827 2755 ποσον
1859 2709 1933 2766 W,

236 2770 289 2817 τὸ
315 2769 465 2816 ποσόν
496 2787 550 2828 p3
585 2785 699 2815 corr.
726 2770 780 2814 U.
903 2776 943 2815 8.
977 2771 1084 2825 καί]
1119 2771 1226 2814 fort.
1253 2769 1515 2814 delendum.
1639 2765 1832 2827 ἀγάγεις
1856 2771 1932 2814 W.

298 2837 339 2876 9.
371 2827 570 2887 ποιήσης
594 2845 638 2887 p.
752 2834 820 2873 13.
855 2827 1119 2888 δοθέντων]
1144 2828 1326 2886 Halley,
1352 2828 1590 2872 δοθεισῶν
1615 2827 1729 2886 Wp‚
1855 2824 1932 2874 εὖ·

237 2890 411 2948 θειῶν]
446 2889 594 2945 deleo,
628 2890 833 2946 σημείων
857 2887 1039 2946 Halley.
1163 2888 1270 2947 καί]
1306 2888 1393 2932 del.
1419 2887 1603 2942 Halley.
1708 2888 1933 2946 σημείων]

238 2948 279 2991 U
304 2950 495 3005 Comm,
529 2951 721 3005 σημείου
754 2947 866 3005 Wp‚
901 2948 990 2993 del.
1022 2948 1203 3005 Halley.

2027 0 2046 159 ἰ

2043 245 2046 338 ι
