2046 3256
276 115 384 167 114
933 117 1311 162 FRAGMENTA.

273 233 334 288 δὲ
387 232 695 305 γραμμικά,
750 236 864 289 τῶν
920 232 972 289 δ’
1032 236 1309 291 ἐπιπέδων
1362 233 1859 309 ἀποκληρώσαντες
1903 237 1968 295 τὰ

274 321 413 395 πρὸς
436 320 614 378 πολλὰ
645 322 1028 395 χρησιμώτερα
1058 326 1273 391 ἔδειξαν
1297 322 1364 380 τὰ
1388 325 1753 397 προβλήματα
1776 330 1970 384 ταῦτα·

382 411 540 467 θέσει
589 413 911 484 δεδομένων
957 409 1290 484 ἡμικυκλίου
1335 434 1393 468 τε
1437 413 1530 469 καὶ
1569 412 1795 482 εὐθείας
1831 415 1972 486 πρὸς

270 497 448 572 ὀρθὰς
492 508 559 573 τῇ
607 499 768 571 βάσει
815 497 848 571 ἢ
890 499 994 556 δύο
1039 499 1382 573 ἡμικυκλίων
1422 501 1506 558 ἐπ’
1550 501 1776 569 εὐθείας
1815 504 1971 576 ἐχόν-

209 603 235 642 5
269 610 380 644 των
427 587 526 654 τὰς
571 587 762 660 βάσεις
806 596 997 645 θεῖναι
1039 593 1311 646 δοθεῖσαν
1350 594 1425 665 τῷ
1472 594 1698 663 μεγέθει
1737 591 1968 649 εὐθεῖαν

267 675 471 748 μεταξὺ
515 686 629 734 τῶν
678 677 782 734 δύο
826 683 1100 750 γραμμῶν
1145 680 1427 735 νεύουσαν
1468 681 1555 736 ἐπὶ
1595 686 1807 752 γωνίαν
1845 679 1969 754 ἡμι-

267 772 522 822 κυκλίου·

377 856 470 911 καὶ
540 855 759 929 ῥόμβου
826 859 1094 923 δοθέντος
1154 859 1247 913 καὶ
1310 859 1780 931 ἐπεκβεβλημένης
1840 862 1969 931 μιᾶς

267 947 506 1016 πλευρᾶς
559 942 803 1017 ἁρμόσαι
856 943 966 1001 ὑπὸ
1020 948 1123 1017 τὴν
1179 947 1333 1012 ἐκτὸς
1386 951 1601 1017 γωνίαν
1657 949 1967 1019 δεδομένην

180 1046 235 1086 10
266 1035 340 1108 τῷ
376 1033 600 1104 μεγέθει
633 1031 866 1089 εὐθεῖαν
891 1033 1172 1090 νεύουσαν
1198 1036 1284 1090 ε’πὶ
1308 1038 1411 1107 τὴν
1436 1033 1700 1109 ἀντικρὺς
1729 1041 1965 1108 γωνίαν·

374 1122 468 1176 καὶ
528 1123 686 1178 θέσει
757 1124 1028 1189 δοθέντος
1087 1123 1298 1179 κύκλου
1360 1124 1667 1196 ἐναρμόσαι
1734 1122 1965 1181 εὐθεῖαν

264 1212 489 1282 μεγέθει
531 1212 841 1283 δεδομένην
881 1211 1166 1268 νεύουσαν
1207 1212 1292 1268 ε’πὶ
1335 1214 1525 1268 δοθέν.

375 1298 594 1355 τούτων
642 1301 703 1355 δὲ
751 1302 811 1356 ἐν
860 1300 963 1373 μὲν
1012 1304 1087 1376 τῷ
1128 1301 1326 1377 πρώτῳ
1367 1302 1548 1375 τεύχει
1588 1303 1863 1358 δέδεικται
1899 1304 1963 1359 τὸ

265 1388 349 1442 ἐπὶ
406 1392 507 1444 τοῦ
562 1390 692 1455 ἑνὸς
745 1387 1077 1462 ἡμικυκλίου
1130 1391 1223 1446 καὶ
1278 1389 1503 1457 εὐθείας
1556 1395 1685 1463 ἕχον
1731 1390 1966 1458 πτώσεις

177 1490 233 1529 15
262 1466 302 1531 δ
354 1478 447 1532 καὶ
503 1477 567 1534 τὸ
618 1479 706 1534 ε’πὶ
750 1483 852 1535 τοῦ
898 1478 1108 1536 κύκλου
1156 1484 1284 1551 ἕχον
1329 1479 1564 1547 πτώσεις
1611 1479 1716 1536 δύο
1762 1480 1855 1536 καὶ
1901 1481 1964 1536 τὸ

266 1566 353 1621 ἐπὶ
398 1575 502 1622 τοῦ
550 1566 768 1638 ῥόμβου
813 1570 1047 1634 πτώσεις
1085 1572 1214 1640 ἔχον
1246 1559 1316 1640 β,
1367 1571 1429 1625 ἐν
1477 1569 1539 1624 δὲ
1591 1572 1668 1645 τῷ
1724 1571 1963 1645 δευτέρῳ

263 1653 444 1725 τεύχει
497 1653 560 1710 τὸ
617 1656 705 1710 ἐπὶ
766 1659 881 1711 τῶν
936 1656 1040 1712 δύο
1095 1655 1438 1728 ἡμικυκλίων
1492 1660 1590 1729 τῆς
1641 1654 1964 1724 ὑποθέσεως

262 1742 496 1809 πτώσεις
536 1743 769 1815 ἐχούσης
807 1749 853 1813 ἶ,
903 1748 963 1801 ἐν
1012 1746 1072 1801 δὲ
1111 1745 1336 1811 ταύταις
1372 1744 1782 1818 ὑποδιαιρέσεις
1818 1751 1963 1802 πλεί-

264 1853 391 1897 ονες
446 1833 778 1904 διοριστικαὶ
835 1835 994 1889 ἕνεκα
1039 1838 1143 1890 τοῦ
1190 1837 1500 1905 δεδομένου
1547 1837 1821 1907 μεγέθους
1866 1840 1963 1907 τῆς

173 1935 230 1973 20
264 1919 503 1986 εὐθείας.

376 2042 461 2094 21.
501 2041 716 2111 Pappus
757 2041 887 2111 Vll,
928 2045 998 2096 29
1040 2063 1088 2113 p.
1130 2045 1260 2109 672,
1303 2047 1396 2098 15:

365 2134 519 2206 ’Ἑχει
568 2135 630 2191 δὲ
680 2135 747 2191 τὰ
794 2141 908 2192 τῶν
954 2137 1203 2194 νεύσεων
1248 2143 1439 2210 βιβλία
1483 2138 1587 2195 δύο
1627 2139 1960 2212 θεωρήματα

261 2223 365 2294 μὲν
406 2222 528 2295 ἦτοι
570 2225 960 2298 διαγράμματα
999 2231 1125 2298 ff,
1165 2226 1420 2299 λήμματα
1461 2227 1522 2284 δὲ
1561 2217 1646 2300 H

372 2329 589 2399 Pappus
635 2330 762 2400 VII,
807 2332 908 2384 157
951 2351 1000 2400 p.
1043 2333 1172 2401 8⁶20,
1217 2333 1282 2386 18
1325 2352 1424 2402 sq.:

176 2450 230 2488 25
384 2424 456 2479 Τὸ
499 2427 724 2492 πρῶτον
762 2429 876 2480 τών
915 2424 1163 2481 νεύσεων
1205 2430 1313 2497 ἔχει
1345 2426 1704 2498 προβλήματα
1734 2415 1801 2498 θ,
1843 2430 1957 2482 διο-

267 2511 502 2583 ρισμοὺς
540 2524 703 2582 τρεῖς,
744 2518 841 2567 καί
867 2517 1010 2568 εἰσιν
1048 2517 1106 2569 οἱ
1131 2525 1277 2586 τρεῖς
1308 2515 1620 2584 ἐλάσσονες,
1660 2513 1693 2570 δ’
1722 2537 1780 2571 τε
1818 2514 1956 2572 κατὰ

258 2598 320 2654 τὸ
369 2600 617 2670 πέμπτον
664 2600 756 2654 καὶ
804 2598 833 2655 ὁ
881 2600 1016 2656 κατὰ
1063 2599 1124 2656 τὸ
1174 2600 1220 2668 ζ’
1268 2601 1563 2673 πρόβλημα
1608 2603 1700 2658 καὶ
1748 2600 1777 2658 ὃ
1817 2602 1955 2658 κατὰ

258 2689 319 2743 τὸ
377 2687 456 2742 θ’.
541 2685 603 2742 τὸ
670 2686 933 2758 δεύτερον
990 2688 1236 2744 νεύσεων
1292 2693 1401 2760 ἔχει
1455 2689 1816 2762 προβλήματα
1869 2696 1953 2762 ᾗ,

381 2855 417 2893 1.
460 2852 552 2893 τῶν
587 2845 656 2907 δ’]
688 2849 880 2906 HaIIey,
923 2851 1015 2893 τῶν
1048 2851 1204 2906 codd.;
1246 2850 1354 2895 fort.
1388 2852 1468 2894 καὶ
1499 2851 1607 2895 τῶν.
1761 2856 1830 2896 22.
1864 2848 1952 2896 δύο

260 2909 415 2967 βιβλία
448 2907 566 2953 coni.
598 2907 811 2953 Hultsch.
