2046 3224
196 699 222 738 5

172 1247 225 1287 10

175 1708 230 1749 15

251 145 284 198 8
920 144 1199 190 ΚΩΝΠζῼΝ
1229 146 1259 190 ὃ
1269 141 1296 188 ’.

376 414 559 468 Ταῦτα
593 411 694 484 μὲν
725 415 927 479 κοινῶς
960 412 1047 468 ἐπὶ
1079 415 1275 469 πασῶν
1302 416 1416 490 τῶν
1441 414 1630 485 τομῶν
1654 415 1957 484 δείκνυται,

257 500 345 556 ε’πὶ
380 500 441 557 δὲ
464 503 561 572 τῆς
584 498 901 574 ὑπερβολῆς
930 500 1127 574 μόνης·
1170 501 1270 558 ἐὰν
1295 500 1330 573 ἡ
1357 501 1459 574 μὲν
1485 507 1596 557 AB
1630 500 1957 609 ἐφάπτηται,

255 586 289 660 ἡ
326 589 387 646 δε
417 595 535 646 ΔΓ
565 591 737 664 τέμνῃ
777 589 914 647 κατὰ
958 592 1063 647 δύο
1097 601 1297 663 σημεῖα
1328 588 1397 646 τὰ
1428 597 1495 662 Ε,
1518 595 1583 662 Γ,
1623 590 1692 646 τὰ
1725 590 1787 646 δὲ
1818 596 1885 662 Ε,
1912 594 1968 646 Γ

258 679 480 753 περιέχῃ
514 678 618 751 τὴν
650 678 790 735 κατὰ
820 683 882 736 τὸ
911 686 958 735 Β
999 678 1175 753 ἁφήν,
1215 681 1308 736 καὶ
1341 683 1403 735 τὸ
1437 687 1492 736 A
1531 690 1763 752 σημεῖον
1803 681 1959 745 ἐντὸς

255 767 291 840 ᾐ
345 770 443 839 τῆς
498 765 608 824 ὑπὸ
667 777 779 824 τῶν
837 766 1222 841 ἀσυμπτῶτων
1285 769 1679 841 περιεχομένης
1732 772 1958 839 γωνίας,

257 853 464 928 ὁμοίως
494 856 529 929 ἡ
563 854 846 925 ἀπόδειξις
875 857 1189 930 γενήσεται·
1232 861 1479 915 δυνατὸν
1502 858 1609 930 γὰρ
1641 856 1749 914 ἀπὸ
1774 860 1876 914 τοῦ
1902 864 1959 912 A

257 950 492 1018 σημείου
532 943 709 1017 ἄλλην
748 948 1136 1019 ἐφαπτομένην
1177 945 1410 1019 ἀγαγεῖν
1447 946 1681 1004 εὐθεῖαν
1712 945 1816 1017 τὴν
1849 952 1960 1001 ΔΛ

257 1034 351 1090 καὶ
389 1034 456 1090 τὰ
498 1034 665 1091 λοιπὰ
705 1039 803 1107 τῆς
842 1035 1176 1104 ἀποδείξεως
1217 1034 1424 1109 ὁμοίως
1462 1047 1660 1092 ποιεῖν.

1074 1228 1144 1300 γ’.

380 1337 507 1389 Τῶν
541 1332 733 1391 αὐτῶν
765 1332 946 1391 ὄντων
970 1333 1037 1391 τὰ
1064 1341 1132 1406 Ε,
1158 1339 1211 1389 Γ
1236 1344 1435 1406 σημεῖα
1460 1331 1533 1405 μὴ
1558 1333 1961 1407 περιεχέτωσαν

259 1421 364 1494 τὴν
403 1423 540 1478 κατὰ
582 1426 643 1479 τὸ
673 1429 720 1478 Β
762 1422 913 1495 ἁφὴν
948 1422 1151 1496 μεταξὺ
1190 1421 1397 1493 αὑτῶν,
1435 1426 1497 1479 τὸ
1539 1421 1601 1478 δὲ
1634 1429 1690 1477 A
1729 1433 1962 1494 σημεῖον

261 1513 417 1577 ε’ντὸς
464 1515 602 1567 ἔστω
649 1516 746 1584 τῆς
797 1510 906 1568 ὑπὸ
961 1520 1075 1568 τῶν
1128 1510 1512 1584 ἀσυμπτῶτων
1566 1512 1962 1583 περιεχομένης

261 1604 483 1671 γωνίας.
549 1603 796 1657 δυνατὸν
828 1602 937 1672 ἄρα
971 1600 1077 1656 ἀπὸ
1109 1605 1214 1656 τοῦ
1248 1607 1302 1656 A
1341 1600 1535 1671 ἑτέραν
1569 1601 1960 1672 ἐφαπτομένην

263 1690 495 1761 ἀγαγεῖν
542 1688 645 1761 τὴν
686 1697 796 1745 AA
842 1690 935 1746 καὶ
982 1688 1050 1745 τὰ
1098 1691 1264 1746 λοιπὰ
1309 1687 1516 1761 ὁμοίως
1553 1686 1961 1745 ἀποδεικνύειν.

1077 1882 1148 1938 δ’.

383 1988 508 2041 Τῶν
558 1983 744 2041 αὐτῶν
794 1984 977 2041 ὄντων
1026 1984 1124 2042 ἐὰν
1173 1988 1235 2041 αἱ
1277 1985 1381 2058 μὲν
1425 1992 1491 2056 Ε,
1524 1991 1578 2041 Γ
1616 1983 1963 2057 συμπτώσεις

263 2075 368 2147 τὴν
407 2073 546 2130 κατὰ
586 2077 648 2129 τὸ
689 2080 736 2129 Β
783 2071 938 2146 ἁφὴν
976 2075 1298 2147 περιέχωσι,
1345 2077 1408 2130 τὸ
1450 2073 1511 2130 δὲ
1553 2081 1607 2129 A
1655 2083 1887 2146 σημεῖον
1925 2064 1961 2145 ᾗ

266 2166 326 2221 ἐν
373 2166 438 2237 τῇ
488 2163 684 2234 ἐφεξῆς
730 2168 908 2238 γωνίᾳ
954 2167 1052 2235 τῆς
1089 2160 1199 2219 ὑπὸ
1238 2166 1352 2220 τῶν
1392 2161 1778 2235 ἀσυμπτῶτων
1816 2181 1963 2232 περι-

266 2253 549 2326 εχομένης,
589 2251 624 2322 ἡ
661 2251 769 2307 ἀπὸ
809 2256 906 2323 τῆς
945 2250 1095 2324 ἁφῆς
1135 2251 1222 2307 ἐπὶ
1261 2250 1364 2323 τὴν
1399 2255 1675 2324 διαίρεσιν
1714 2249 1962 2323 ἀγομένη

266 2340 462 2397 εὐθεῖα
510 2350 862 2411 συμπεσεῖται
909 2343 974 2412 τῇ
1023 2337 1373 2412 ἀντικειμένῃ
1421 2341 1587 2412 τομῇ,
1642 2338 1735 2394 καὶ
1782 2335 1816 2409 ἡ
1857 2335 1963 2393 ἀπὸ

264 2433 362 2501 τῆς
409 2426 780 2500 συμπτώσεως
826 2426 1073 2499 ἀγομένη
1123 2423 1318 2483 εὐθεῖα
1365 2426 1636 2498 ἐφάψεται
1675 2429 1773 2498 τῆς
1812 2423 1964 2482 ἀντι-

263 2518 531 2590 κειμένης.

387 2764 890 2836 1.ss'.]v‚omV.
1037 2765 1548 2835 U5.t‘p..v],0mV
1705 2762 1962 2838 10.',y]p

268 2844 357 2875 om.
388 2828 482 2873 Vv.
639 2830 708 2870 12.
756 2822 809 2869 τὸ
842 2823 915 2883 δέ]
959 2824 1124 2882 scripsi
1158 2839 1262 2870 cum
1295 2825 1470 2880 Memo,
1518 2823 1572 2870 τό
1605 2824 1666 2880 V,
1710 2824 1791 2869 καὶ
1822 2840 1875 2868 το
1915 2838 1961 2881 Ρ.

330 2893 397 2932 13.
433 2886 562 2932 ἔσται
592 2885 655 2939 V;
690 2898 803 2930 corr.
838 2900 881 2942 p.
1015 2890 1083 2929 16
1118 2882 1189 2943 δ’]
1222 2900 1268 2942 Ρ,
1303 2898 1390 2929 om.
1415 2883 1471 2939 V,
1505 2884 1551 2941 γ’
1579 2898 1620 2927 v.
1745 2887 1816 2927 21.
1850 2897 1962 2940 συμ-

264 2947 464 3004 πεσῆται
494 2945 558 3000 V;
592 2957 706 2991 corr.
739 2956 818 3001 pc.
