<?xml version="1.0" encoding="UTF-8"?>
<!DOCTYPE html PUBLIC "-//W3C//DTD XHTML 1.0 Transitional//EN"
    "http://www.w3.org/TR/xhtml1/DTD/xhtml1-transitional.dtd">
<html xmlns="http://www.w3.org/1999/xhtml" xml:lang="en" lang="en">
 <head>
  <title>
</title>
<meta http-equiv="Content-Type" content="text/html;charset=utf-8" />
  <meta name='ocr-system' content='tesseract 3.04.00' />
  <meta name='ocr-capabilities' content='ocr_page ocr_carea ocr_par ocr_line ocrx_word'/>
</head>
<body>
  <div class='ocr_page' id='page_1' title='image "apolloniipergaei02apoluoft_0211.png"; bbox 0 0 2046 3256; ppageno 0'>
   <div class='ocr_carea' id='block_1_1' title="bbox 749 193 1791 245">
    <p class='ocr_par' dir='ltr' id='par_1_1' title="bbox 749 193 1791 245">
     <span class='ocr_line' id='line_1_1' title="bbox 749 193 1791 245; baseline 0.009 -9"><span class='ocrx_word' id='word_1_1' title='bbox 749 195 1129 239; x_wconf 75' lang='lat' dir='ltr'><strong>FRAGMENTA.</strong></span> <span class='ocrx_word' id='word_1_2' title='bbox 1686 193 1791 245; x_wconf 87' lang='lat'><em>119</em></span> 
     </span>
    </p>
   </div>
   <div class='ocr_carea' id='block_1_2' title="bbox 99 311 1877 1521">
    <p class='ocr_par' dir='ltr' id='par_1_2' title="bbox 213 311 1121 384">
     <span class='ocr_line' id='line_1_2' title="bbox 213 311 1121 384; baseline -0.001 -17"><span class='ocrx_word' id='word_1_3' title='bbox 213 314 300 367; x_wconf 82' lang='lat'><em>29.</em></span> <span class='ocrx_word' id='word_1_4' title='bbox 339 313 627 383; x_wconf 81' lang='lat' dir='ltr'>Hypsicles</span> <span class='ocrx_word' id='word_1_5' title='bbox 669 332 718 382; x_wconf 91' lang='lat' dir='ltr'><em>p.</em></span> <span class='ocrx_word' id='word_1_6' title='bbox 759 314 815 382; x_wconf 85' lang='lat'><em>6,</em></span> <span class='ocrx_word' id='word_1_7' title='bbox 859 314 924 366; x_wconf 86' lang='lat'><em>19</em></span> <span class='ocrx_word' id='word_1_8' title='bbox 967 332 1065 383; x_wconf 87' lang='lat' dir='ltr'><em>sq..</em></span> <span class='ocrx_word' id='word_1_9' title='bbox 1055 311 1121 384; x_wconf 84' lang='lat'><em>·¹)</em></span> 
     </span>
    </p>

    <p class='ocr_par' dir='ltr' id='par_1_3' title="bbox 99 397 1877 1521">
     <span class='ocr_line' id='line_1_3' title="bbox 216 397 1792 469; baseline 0.001 -16.008"><span class='ocrx_word' id='word_1_10' title='bbox 216 397 275 453; x_wconf 92' lang='grc' dir='ltr'><em>Ο</em></span> <span class='ocrx_word' id='word_1_11' title='bbox 328 397 496 463; x_wconf 80' lang='grc' dir='ltr'><em>αὐτὸς</em></span> <span class='ocrx_word' id='word_1_12' title='bbox 547 397 748 463; x_wconf 81' lang='grc' dir='ltr'><strong><em>κύκλος</em></strong></span> <span class='ocrx_word' id='word_1_13' title='bbox 801 397 1196 469; x_wconf 77' lang='grc' dir='ltr'><em>περιλαμβάνει</em></span> <span class='ocrx_word' id='word_1_14' title='bbox 1250 397 1315 454; x_wconf 92' lang='grc' dir='ltr'><em>τό</em></span> <span class='ocrx_word' id='word_1_15' title='bbox 1369 420 1427 453; x_wconf 91' lang='grc' dir='ltr'><em>τε</em></span> <span class='ocrx_word' id='word_1_16' title='bbox 1473 402 1575 455; x_wconf 82' lang='grc' dir='ltr'><em>τοῦ</em></span> <span class='ocrx_word' id='word_1_17' title='bbox 1623 403 1792 454; x_wconf 86' lang='grc' dir='ltr'><em>δωδε-</em></span> 
     </span>
     <span class='ocr_line' id='line_1_4' title="bbox 102 482 1813 558; baseline 0 -15"><span class='ocrx_word' id='word_1_18' title='bbox 102 488 344 558; x_wconf 84' lang='grc' dir='ltr'><em>καέδρου</em></span> <span class='ocrx_word' id='word_1_19' title='bbox 379 486 739 557; x_wconf 77' lang='grc' dir='ltr'><em>πεντάγωνον</em></span> <span class='ocrx_word' id='word_1_20' title='bbox 770 487 861 541; x_wconf 86' lang='grc' dir='ltr'><em>καὶ</em></span> <span class='ocrx_word' id='word_1_21' title='bbox 893 485 953 541; x_wconf 89' lang='grc' dir='ltr'><em>τὸ</em></span> <span class='ocrx_word' id='word_1_22' title='bbox 986 490 1088 541; x_wconf 84' lang='grc' dir='ltr'><em>τοῦ</em></span> <span class='ocrx_word' id='word_1_23' title='bbox 1120 488 1482 558; x_wconf 77' lang='grc' dir='ltr'><em>εἰκοσαέδρου</em></span> <span class='ocrx_word' id='word_1_24' title='bbox 1513 482 1813 558; x_wconf 63' lang='grc' dir='ltr'><em>τρίγωνον’</em></span> 
     </span>
     <span class='ocr_line' id='line_1_5' title="bbox 103 573 1791 646; baseline 0 -15"><span class='ocrx_word' id='word_1_25' title='bbox 103 580 213 631; x_wconf 79' lang='grc' dir='ltr'><em>τῶν</em></span> <span class='ocrx_word' id='word_1_26' title='bbox 253 578 331 640; x_wconf 78' lang='grc' dir='ltr'><em>εἰς</em></span> <span class='ocrx_word' id='word_1_27' title='bbox 368 575 469 645; x_wconf 87' lang='grc' dir='ltr'><em>τὴν</em></span> <span class='ocrx_word' id='word_1_28' title='bbox 508 573 684 646; x_wconf 81' lang='grc' dir='ltr'><em>αὐτὴν</em></span> <span class='ocrx_word' id='word_1_29' title='bbox 725 586 971 646; x_wconf 78' lang='grc' dir='ltr'><em>σφαῖραν</em></span> <span class='ocrx_word' id='word_1_30' title='bbox 1012 576 1463 646; x_wconf 86' lang='grc' dir='ltr'><em>ἐγγραφομένων.</em></span> <span class='ocrx_word' id='word_1_31' title='bbox 1523 579 1688 631; x_wconf 83' lang='grc' dir='ltr'><em>τοῦτο</em></span> <span class='ocrx_word' id='word_1_32' title='bbox 1729 576 1791 632; x_wconf 78' lang='grc' dir='ltr'><em>δὲ</em></span> 
     </span>
     <span class='ocr_line' id='line_1_6' title="bbox 103 660 1877 737; baseline -0.002 -19"><span class='ocrx_word' id='word_1_33' title='bbox 103 663 373 735; x_wconf 77' lang='grc' dir='ltr'><em>γράφεται</em></span> <span class='ocrx_word' id='word_1_34' title='bbox 434 660 543 718; x_wconf 77' lang='grc' dir='ltr'><em>ὑπὸ</em></span> <span class='ocrx_word' id='word_1_35' title='bbox 607 662 709 734; x_wconf 76' lang='grc' dir='ltr'><em>μὲν</em></span> <span class='ocrx_word' id='word_1_36' title='bbox 756 662 1067 734; x_wconf 82' lang='grc' dir='ltr'><em>Ἀρισταίου</em></span> <span class='ocrx_word' id='word_1_37' title='bbox 1121 664 1182 718; x_wconf 82' lang='grc' dir='ltr'><em>ἐν</em></span> <span class='ocrx_word' id='word_1_38' title='bbox 1235 666 1310 737; x_wconf 78' lang='grc' dir='ltr'><em>τῷ</em></span> <span class='ocrx_word' id='word_1_39' title='bbox 1366 665 1789 737; x_wconf 77' lang='grc' dir='ltr'><em>ἐπιγραφομένῳ</em></span> <span class='ocrx_word' id='word_1_40' title='bbox 1852 677 1877 714; x_wconf 83' lang='lat'>5</span> 
     </span>
     <span class='ocr_line' id='line_1_7' title="bbox 102 748 1790 823; baseline -0.001 -15"><span class='ocrx_word' id='word_1_41' title='bbox 102 756 213 808; x_wconf 77' lang='grc' dir='ltr'><em>τῶν</em></span> <span class='ocrx_word' id='word_1_42' title='bbox 265 756 296 807; x_wconf 75' lang='grc' dir='ltr'>ἒ</span> <span class='ocrx_word' id='word_1_43' title='bbox 348 750 640 823; x_wconf 82' lang='grc' dir='ltr'><em>σχημάτων</em></span> <span class='ocrx_word' id='word_1_44' title='bbox 691 755 998 823; x_wconf 86' lang='grc' dir='ltr'><em>συγκρίσει,</em></span> <span class='ocrx_word' id='word_1_45' title='bbox 1053 748 1161 806; x_wconf 79' lang='grc' dir='ltr'><em>ὑπὸ</em></span> <span class='ocrx_word' id='word_1_46' title='bbox 1205 750 1266 806; x_wconf 76' lang='grc' dir='ltr'><em>δὲ</em></span> <span class='ocrx_word' id='word_1_47' title='bbox 1308 749 1682 807; x_wconf 81' lang='grc' dir='ltr'><em>Ἀπολλωνίου</em></span> <span class='ocrx_word' id='word_1_48' title='bbox 1729 754 1790 807; x_wconf 83' lang='grc' dir='ltr'><em>ἐν</em></span> 
     </span>
     <span class='ocr_line' id='line_1_8' title="bbox 101 840 1790 913; baseline 0 -18"><span class='ocrx_word' id='word_1_49' title='bbox 101 844 166 913; x_wconf 82' lang='grc' dir='ltr'><em>τῇ</em></span> <span class='ocrx_word' id='word_1_50' title='bbox 214 841 443 913; x_wconf 77' lang='grc' dir='ltr'><em>δευτέρα</em></span> <span class='ocrx_word' id='word_1_51' title='bbox 491 840 703 895; x_wconf 77' lang='grc' dir='ltr'><em>ἐκδόσει</em></span> <span class='ocrx_word' id='word_1_52' title='bbox 743 843 838 910; x_wconf 82' lang='grc' dir='ltr'><em>τῆς</em></span> <span class='ocrx_word' id='word_1_53' title='bbox 884 843 1217 911; x_wconf 82' lang='grc' dir='ltr'><em>συγκρίσεως</em></span> <span class='ocrx_word' id='word_1_54' title='bbox 1260 848 1362 894; x_wconf 87' lang='grc' dir='ltr'><em>τοῦ</em></span> <span class='ocrx_word' id='word_1_55' title='bbox 1403 840 1790 911; x_wconf 81' lang='grc' dir='ltr'><em>δωδεκαέδρου</em></span> 
     </span>
     <span class='ocr_line' id='line_1_9' title="bbox 103 925 1790 999; baseline 0 -16"><span class='ocrx_word' id='word_1_56' title='bbox 103 927 240 999; x_wconf 80' lang='grc' dir='ltr'><em>πρὸς</em></span> <span class='ocrx_word' id='word_1_57' title='bbox 282 927 344 983; x_wconf 87' lang='grc' dir='ltr'><em>τὸ</em></span> <span class='ocrx_word' id='word_1_58' title='bbox 394 927 778 998; x_wconf 84' lang='grc' dir='ltr'><em>εἰκοσάεδρον,</em></span> <span class='ocrx_word' id='word_1_59' title='bbox 825 929 909 983; x_wconf 82' lang='grc' dir='ltr'><em>ὅτι</em></span> <span class='ocrx_word' id='word_1_60' title='bbox 950 929 1125 998; x_wconf 84' lang='grc' dir='ltr'><em>ἐστίν,</em></span> <span class='ocrx_word' id='word_1_61' title='bbox 1172 925 1248 992; x_wconf 75' lang='grc' dir='ltr'><em>ὥς</em></span> <span class='ocrx_word' id='word_1_62' title='bbox 1292 925 1326 998; x_wconf 77' lang='grc' dir='ltr'>ἡ</span> <span class='ocrx_word' id='word_1_63' title='bbox 1375 930 1477 982; x_wconf 82' lang='grc' dir='ltr'><em>τοῦ</em></span> <span class='ocrx_word' id='word_1_64' title='bbox 1524 929 1790 983; x_wconf 84' lang='grc' dir='ltr'><em>δωδεκαέ-</em></span> 
     </span>
     <span class='ocr_line' id='line_1_10' title="bbox 101 1015 1787 1088; baseline 0 -16"><span class='ocrx_word' id='word_1_65' title='bbox 101 1020 243 1087; x_wconf 87' lang='grc' dir='ltr'><em>δρου</em></span> <span class='ocrx_word' id='word_1_66' title='bbox 283 1016 576 1087; x_wconf 85' lang='grc' dir='ltr'><em>ἐπιφάνεια</em></span> <span class='ocrx_word' id='word_1_67' title='bbox 615 1015 753 1088; x_wconf 81' lang='grc' dir='ltr'><em>πρὸς</em></span> <span class='ocrx_word' id='word_1_68' title='bbox 782 1016 886 1086; x_wconf 81' lang='grc' dir='ltr'><em>τὴν</em></span> <span class='ocrx_word' id='word_1_69' title='bbox 917 1019 1018 1070; x_wconf 81' lang='grc' dir='ltr'><em>τοῦ</em></span> <span class='ocrx_word' id='word_1_70' title='bbox 1050 1016 1408 1084; x_wconf 83' lang='grc' dir='ltr'><em>εἰκοσαέδρου</em></span> <span class='ocrx_word' id='word_1_71' title='bbox 1442 1015 1787 1087; x_wconf 84' lang='grc' dir='ltr'><em>ἐπιφάνειαν,</em></span> 
     </span>
     <span class='ocr_line' id='line_1_11' title="bbox 103 1102 1876 1177; baseline 0 -17"><span class='ocrx_word' id='word_1_72' title='bbox 103 1105 277 1169; x_wconf 77' lang='grc' dir='ltr'><em>οὕτως</em></span> <span class='ocrx_word' id='word_1_73' title='bbox 313 1104 405 1159; x_wconf 89' lang='grc' dir='ltr'><em>καὶ</em></span> <span class='ocrx_word' id='word_1_74' title='bbox 445 1102 581 1159; x_wconf 82' lang='grc' dir='ltr'><em>αὐτὸ</em></span> <span class='ocrx_word' id='word_1_75' title='bbox 621 1103 684 1159; x_wconf 88' lang='grc' dir='ltr'><em>τὸ</em></span> <span class='ocrx_word' id='word_1_76' title='bbox 727 1103 1113 1174; x_wconf 86' lang='grc' dir='ltr'><em>δωδεκάεδρον</em></span> <span class='ocrx_word' id='word_1_77' title='bbox 1152 1103 1291 1174; x_wconf 81' lang='grc' dir='ltr'><em>πρὸς</em></span> <span class='ocrx_word' id='word_1_78' title='bbox 1329 1103 1390 1159; x_wconf 90' lang='grc' dir='ltr'><em>τὸ</em></span> <span class='ocrx_word' id='word_1_79' title='bbox 1426 1105 1786 1177; x_wconf 83' lang='grc' dir='ltr'><em>εἰκοσάεδρον</em></span> <span class='ocrx_word' id='word_1_80' title='bbox 1822 1120 1876 1159; x_wconf 92' lang='grc'><em>10</em></span> 
     </span>
     <span class='ocr_line' id='line_1_12' title="bbox 102 1190 1790 1265; baseline 0.001 -18"><span class='ocrx_word' id='word_1_81' title='bbox 102 1195 194 1247; x_wconf 79' lang='grc' dir='ltr'><em>διὰ</em></span> <span class='ocrx_word' id='word_1_82' title='bbox 250 1191 311 1247; x_wconf 87' lang='grc' dir='ltr'><em>τὸ</em></span> <span class='ocrx_word' id='word_1_83' title='bbox 366 1192 468 1264; x_wconf 81' lang='grc' dir='ltr'><em>τὴν</em></span> <span class='ocrx_word' id='word_1_84' title='bbox 524 1191 700 1263; x_wconf 83' lang='grc' dir='ltr'><em>αὐτὴν</em></span> <span class='ocrx_word' id='word_1_85' title='bbox 756 1190 900 1247; x_wconf 83' lang='grc' dir='ltr'><em>εἶναι</em></span> <span class='ocrx_word' id='word_1_86' title='bbox 953 1192 1194 1247; x_wconf 81' lang='grc' dir='ltr'><em>κάθετον</em></span> <span class='ocrx_word' id='word_1_87' title='bbox 1249 1190 1357 1247; x_wconf 85' lang='grc' dir='ltr'><em>άπὸ</em></span> <span class='ocrx_word' id='word_1_88' title='bbox 1406 1195 1507 1247; x_wconf 85' lang='grc' dir='ltr'><em>τοῦ</em></span> <span class='ocrx_word' id='word_1_89' title='bbox 1554 1194 1790 1265; x_wconf 82' lang='grc' dir='ltr'><em>κέντρου</em></span> 
     </span>
     <span class='ocr_line' id='line_1_13' title="bbox 99 1279 1787 1351; baseline 0.001 -17"><span class='ocrx_word' id='word_1_90' title='bbox 99 1284 195 1350; x_wconf 83' lang='grc' dir='ltr'><em>τῆς</em></span> <span class='ocrx_word' id='word_1_91' title='bbox 235 1286 474 1351; x_wconf 83' lang='grc' dir='ltr'><em>σφαίρας</em></span> <span class='ocrx_word' id='word_1_92' title='bbox 513 1281 599 1336; x_wconf 84' lang='grc' dir='ltr'><em>ἐπὶ</em></span> <span class='ocrx_word' id='word_1_93' title='bbox 638 1279 700 1335; x_wconf 88' lang='grc' dir='ltr'><em>τὸ</em></span> <span class='ocrx_word' id='word_1_94' title='bbox 743 1283 842 1335; x_wconf 85' lang='grc' dir='ltr'><em>τοῦ</em></span> <span class='ocrx_word' id='word_1_95' title='bbox 881 1281 1267 1351; x_wconf 88' lang='grc' dir='ltr'><em>δωδεκαέδρου</em></span> <span class='ocrx_word' id='word_1_96' title='bbox 1299 1280 1660 1351; x_wconf 89' lang='grc' dir='ltr'><em>πεντάγωνον</em></span> <span class='ocrx_word' id='word_1_97' title='bbox 1696 1283 1787 1337; x_wconf 85' lang='grc' dir='ltr'><em>καὶ</em></span> 
     </span>
     <span class='ocr_line' id='line_1_14' title="bbox 99 1367 1788 1440; baseline 0 -17"><span class='ocrx_word' id='word_1_98' title='bbox 99 1367 161 1423; x_wconf 88' lang='grc' dir='ltr'><em>τὸ</em></span> <span class='ocrx_word' id='word_1_99' title='bbox 201 1372 302 1423; x_wconf 83' lang='grc' dir='ltr'><em>τοῦ</em></span> <span class='ocrx_word' id='word_1_100' title='bbox 341 1369 700 1440; x_wconf 83' lang='grc' dir='ltr'><em>εἰκοσαέδρου</em></span> <span class='ocrx_word' id='word_1_101' title='bbox 741 1373 1033 1439; x_wconf 88' lang='grc' dir='ltr'><em>τρίγωνον.</em></span> <span class='ocrx_word' id='word_1_102' title='bbox 1109 1369 1384 1438; x_wconf 83' lang='grc' dir='ltr'><em>γραπτέον</em></span> <span class='ocrx_word' id='word_1_103' title='bbox 1425 1368 1486 1425; x_wconf 74' lang='grc' dir='ltr'><em>δὲ</em></span> <span class='ocrx_word' id='word_1_104' title='bbox 1523 1369 1614 1424; x_wconf 83' lang='grc' dir='ltr'><em>καὶ</em></span> <span class='ocrx_word' id='word_1_105' title='bbox 1654 1367 1788 1440; x_wconf 78' lang='grc' dir='ltr'><em>ἡμῖν</em></span> 
     </span>
     <span class='ocr_line' id='line_1_15' title="bbox 99 1453 302 1521; baseline 0.01 -11"><span class='ocrx_word' id='word_1_106' title='bbox 99 1453 302 1521; x_wconf 78' lang='grc' dir='ltr'><em>αὐτοῖς.</em></span> 
     </span>
    </p>
   </div>
   <div class='ocr_carea' id='block_1_3' title="bbox 393 1590 1872 1647">
    <p class='ocr_par' dir='ltr' id='par_1_4' title="bbox 393 1590 1872 1647">
     <span class='ocr_line' id='line_1_16' title="bbox 393 1590 1872 1647; baseline 0.003 -5"><span class='ocrx_word' id='word_1_107' title='bbox 393 1590 482 1643; x_wconf 91' lang='lat' dir='ltr'><em>De</em></span> <span class='ocrx_word' id='word_1_108' title='bbox 522 1591 1027 1643; x_wconf 74' lang='lat' dir='ltr'>irrationalibus</span> <span class='ocrx_word' id='word_1_109' title='bbox 1067 1591 1487 1645; x_wconf 77' lang='lat' dir='ltr'>inordinatis,</span> <span class='ocrx_word' id='word_1_110' title='bbox 1819 1609 1872 1647; x_wconf 87' lang='lat'><em>15</em></span> 
     </span>
    </p>
   </div>
   <div class='ocr_carea' id='block_1_4' title="bbox 23 1696 1872 2584">
    <p class='ocr_par' dir='ltr' id='par_1_5' title="bbox 199 1696 1423 1780">
     <span class='ocr_line' id='line_1_17' title="bbox 199 1696 1423 1780; baseline 0.002 -20"><span class='ocrx_word' id='word_1_111' title='bbox 199 1696 295 1761; x_wconf 82' lang='lat'><em>30.</em></span> <span class='ocrx_word' id='word_1_112' title='bbox 335 1708 556 1762; x_wconf 86' lang='lat' dir='ltr'>Proelus</span> <span class='ocrx_word' id='word_1_113' title='bbox 597 1710 654 1761; x_wconf 90' lang='lat' dir='ltr'>in</span> <span class='ocrx_word' id='word_1_114' title='bbox 693 1708 978 1762; x_wconf 88' lang='lat' dir='ltr'>Elementa</span> <span class='ocrx_word' id='word_1_115' title='bbox 1016 1728 1064 1778; x_wconf 93' lang='lat' dir='ltr'><em>p.</em></span> <span class='ocrx_word' id='word_1_116' title='bbox 1108 1710 1192 1777; x_wconf 82' lang='lat'><em>74,</em></span> <span class='ocrx_word' id='word_1_117' title='bbox 1232 1711 1302 1764; x_wconf 79' lang='lat'><em>23</em></span> <span class='ocrx_word' id='word_1_118' title='bbox 1324 1729 1423 1780; x_wconf 86' lang='lat' dir='ltr'><em>sq.:</em></span> 
     </span>
    </p>

    <p class='ocr_par' dir='ltr' id='par_1_6' title="bbox 100 1792 1786 1953">
     <span class='ocr_line' id='line_1_18' title="bbox 217 1792 1786 1866; baseline 0.001 -18"><span class='ocrx_word' id='word_1_119' title='bbox 217 1792 295 1848; x_wconf 81' lang='grc' dir='ltr'><em>Τὰ</em></span> <span class='ocrx_word' id='word_1_120' title='bbox 342 1795 490 1864; x_wconf 89' lang='grc' dir='ltr'><em>περὶ</em></span> <span class='ocrx_word' id='word_1_121' title='bbox 535 1798 664 1850; x_wconf 76' lang='grc' dir='ltr'><em>τῶν</em></span> <span class='ocrx_word' id='word_1_122' title='bbox 710 1792 1005 1849; x_wconf 78' lang='grc' dir='ltr'><em>ἀτάκτων</em></span> <span class='ocrx_word' id='word_1_123' title='bbox 1052 1793 1334 1866; x_wconf 77' lang='grc' dir='ltr'><em>ἀλόγων,</em></span> <span class='ocrx_word' id='word_1_124' title='bbox 1375 1793 1409 1850; x_wconf 74' lang='grc' dir='ltr'><em>ἃ</em></span> <span class='ocrx_word' id='word_1_125' title='bbox 1453 1793 1481 1850; x_wconf 87' lang='grc' dir='ltr'><em>ὃ</em></span> <span class='ocrx_word' id='word_1_126' title='bbox 1518 1792 1786 1850; x_wconf 84' lang='grc' dir='ltr'><em>Ἀπολλώ-</em></span> 
     </span>
     <span class='ocr_line' id='line_1_19' title="bbox 100 1882 956 1953; baseline 0.002 -18"><span class='ocrx_word' id='word_1_127' title='bbox 100 1902 220 1945; x_wconf 81' lang='grc' dir='ltr'><em>νιος</em></span> <span class='ocrx_word' id='word_1_128' title='bbox 258 1882 344 1936; x_wconf 80' lang='grc' dir='ltr'><em>ἐπὶ</em></span> <span class='ocrx_word' id='word_1_129' title='bbox 382 1882 552 1937; x_wconf 88' lang='grc' dir='ltr'><em>πλέον</em></span> <span class='ocrx_word' id='word_1_130' title='bbox 592 1882 956 1953; x_wconf 80' lang='grc' dir='ltr'><em>ἐξειργάσατο.</em></span> 
     </span>
    </p>

    <p class='ocr_par' dir='ltr' id='par_1_7' title="bbox 100 1983 1872 2321">
     <span class='ocr_line' id='line_1_20' title="bbox 212 1983 1783 2058; baseline 0.003 -21"><span class='ocrx_word' id='word_1_131' title='bbox 212 1985 295 2037; x_wconf 87' lang='lat'><em>31.</em></span> <span class='ocrx_word' id='word_1_132' title='bbox 338 1983 557 2038; x_wconf 82' lang='lat' dir='ltr'>Scholia</span> <span class='ocrx_word' id='word_1_133' title='bbox 595 1986 654 2038; x_wconf 92' lang='lat' dir='ltr'>in</span> <span class='ocrx_word' id='word_1_134' title='bbox 691 1985 981 2039; x_wconf 76' lang='lat' dir='ltr'>Elementa</span> <span class='ocrx_word' id='word_1_135' title='bbox 1019 1986 1090 2055; x_wconf 88' lang='lat' dir='ltr'><em>X,</em></span> <span class='ocrx_word' id='word_1_136' title='bbox 1141 1988 1168 2039; x_wconf 84' lang='lat'>1</span> <span class='ocrx_word' id='word_1_137' title='bbox 1210 2006 1259 2055; x_wconf 89' lang='lat' dir='ltr'><em>p.</em></span> <span class='ocrx_word' id='word_1_138' title='bbox 1300 1988 1431 2056; x_wconf 86' lang='lat'><strong>414,</strong></span> <span class='ocrx_word' id='word_1_139' title='bbox 1478 1989 1545 2041; x_wconf 78' lang='lat'><em>12</em></span> <span class='ocrx_word' id='word_1_140' title='bbox 1587 2008 1662 2058; x_wconf 87' lang='lat' dir='ltr'><em>sq.</em></span> <span class='ocrx_word' id='word_1_141' title='bbox 1705 1989 1783 2041; x_wconf 89' lang='lat' dir='ltr'><em>ed.</em></span> 
     </span>
     <span class='ocr_line' id='line_1_21' title="bbox 101 2072 1872 2143; baseline -0.001 -18"><span class='ocrx_word' id='word_1_142' title='bbox 101 2072 352 2142; x_wconf 84' lang='lat' dir='ltr'>Heiberg‚</span> <span class='ocrx_word' id='word_1_143' title='bbox 383 2091 519 2142; x_wconf 90' lang='lat' dir='ltr'>quae</span> <span class='ocrx_word' id='word_1_144' title='bbox 552 2091 580 2126; x_wconf 91' lang='lat' dir='ltr'>e</span> <span class='ocrx_word' id='word_1_145' title='bbox 612 2075 995 2126; x_wconf 85' lang='lat' dir='ltr'>commentario</span> <span class='ocrx_word' id='word_1_146' title='bbox 1029 2074 1199 2143; x_wconf 89' lang='lat' dir='ltr'><em>Pappi</em></span> <span class='ocrx_word' id='word_1_147' title='bbox 1230 2075 1401 2143; x_wconf 84' lang='lat' dir='ltr'>petita</span> <span class='ocrx_word' id='word_1_148' title='bbox 1434 2094 1548 2128; x_wconf 91' lang='lat' dir='ltr'>esse</span> <span class='ocrx_word' id='word_1_149' title='bbox 1581 2077 1783 2129; x_wconf 82' lang='lat' dir='ltr'>conieci</span> <span class='ocrx_word' id='word_1_150' title='bbox 1816 2086 1872 2124; x_wconf 82' lang='lat'><em>‘20</em></span> 
     </span>
     <span class='ocr_line' id='line_1_22' title="bbox 100 2158 1783 2229; baseline 0.002 -17"><span class='ocrx_word' id='word_1_151' title='bbox 100 2158 322 2213; x_wconf 78' lang='lat' dir='ltr'>Studien</span> <span class='ocrx_word' id='word_1_152' title='bbox 353 2161 484 2213; x_wconf 80' lang='lat' dir='ltr'>iiber</span> <span class='ocrx_word' id='word_1_153' title='bbox 514 2159 714 2212; x_wconf 87' lang='lat' dir='ltr'>Euklid</span> <span class='ocrx_word' id='word_1_154' title='bbox 754 2180 803 2228; x_wconf 92' lang='lat' dir='ltr'><em>p.</em></span> <span class='ocrx_word' id='word_1_155' title='bbox 839 2163 958 2229; x_wconf 84' lang='lat'><strong>170,</strong></span> <span class='ocrx_word' id='word_1_156' title='bbox 991 2162 1357 2215; x_wconf 86' lang='lat' dir='ltr'>demonstraui</span> <span class='ocrx_word' id='word_1_157' title='bbox 1389 2162 1783 2217; x_wconf 87' lang='lat' dir='ltr'>Videnskaber-</span> 
     </span>
     <span class='ocr_line' id='line_1_23' title="bbox 102 2246 1783 2321; baseline 0.002 -21"><span class='ocrx_word' id='word_1_158' title='bbox 102 2265 198 2300; x_wconf 90' lang='lat' dir='ltr'>nes</span> <span class='ocrx_word' id='word_1_159' title='bbox 239 2246 490 2301; x_wconf 83' lang='lat' dir='ltr'>Selskabs</span> <span class='ocrx_word' id='word_1_160' title='bbox 534 2247 785 2317; x_wconf 84' lang='lat' dir='ltr'>Skrifter,</span> <span class='ocrx_word' id='word_1_161' title='bbox 825 2251 874 2302; x_wconf 87' lang='grc'><em>6.</em></span> <span class='ocrx_word' id='word_1_162' title='bbox 913 2250 1142 2318; x_wconf 86' lang='lat' dir='ltr'>Raekke,</span> <span class='ocrx_word' id='word_1_163' title='bbox 1181 2251 1525 2321; x_wconf 70' lang='lat' dir='ltr'>hist-philos,</span> <span class='ocrx_word' id='word_1_164' title='bbox 1564 2251 1688 2305; x_wconf 88' lang='lat' dir='ltr'><strong>Afd.</strong></span> <span class='ocrx_word' id='word_1_165' title='bbox 1727 2252 1783 2304; x_wconf 92' lang='lat' dir='ltr'><em>II</em></span> 
     </span>
    </p>

    <p class='ocr_par' dir='ltr' id='par_1_8' title="bbox 23 2334 1868 2583">
     <span class='ocr_line' id='line_1_24' title="bbox 99 2334 973 2407; baseline 0.001 -19"><span class='ocrx_word' id='word_1_166' title='bbox 99 2353 152 2403; x_wconf 85' lang='lat' dir='ltr'><em>p.</em></span> <span class='ocrx_word' id='word_1_167' title='bbox 190 2336 298 2389; x_wconf 81' lang='lat'><em>236</em></span> <span class='ocrx_word' id='word_1_168' title='bbox 339 2354 416 2405; x_wconf 89' lang='lat' dir='ltr'><em>sq.</em></span> <span class='ocrx_word' id='word_1_169' title='bbox 471 2334 742 2406; x_wconf 88' lang='lat' dir='ltr'>(Hauniae</span> <span class='ocrx_word' id='word_1_170' title='bbox 786 2337 973 2407; x_wconf 80' lang='lat'>1888):</span> 
     </span>
     <span class='ocr_line' id='line_1_25' title="bbox 23 2418 1781 2495; baseline 0.003 -20"><span class='ocrx_word' id='word_1_171' title='bbox 23 2418 26 2419; x_wconf 36' lang='lat'><em>⁷</em></span> <span class='ocrx_word' id='word_1_172' title='bbox 205 2420 299 2476; x_wconf 88' lang='grc' dir='ltr'><em>Ἐν</em></span> <span class='ocrx_word' id='word_1_173' title='bbox 347 2421 408 2476; x_wconf 73' lang='grc' dir='ltr'><em>δὲ</em></span> <span class='ocrx_word' id='word_1_174' title='bbox 453 2432 570 2486; x_wconf 80' lang='grc' dir='ltr'><em>τοῖς</em></span> <span class='ocrx_word' id='word_1_175' title='bbox 615 2421 736 2492; x_wconf 79' lang='grc' dir='ltr'><em>ἑξῆς</em></span> <span class='ocrx_word' id='word_1_176' title='bbox 781 2423 905 2493; x_wconf 87' lang='grc' dir='ltr'><em>περὶ</em></span> <span class='ocrx_word' id='word_1_177' title='bbox 952 2424 1135 2493; x_wconf 78' lang='grc' dir='ltr'><em>ῥητῶν</em></span> <span class='ocrx_word' id='word_1_178' title='bbox 1181 2425 1275 2479; x_wconf 83' lang='grc' dir='ltr'><em>καὶ</em></span> <span class='ocrx_word' id='word_1_179' title='bbox 1312 2422 1533 2495; x_wconf 79' lang='grc' dir='ltr'><em>ἀλόγων</em></span> <span class='ocrx_word' id='word_1_180' title='bbox 1575 2424 1643 2480; x_wconf 81' lang='grc' dir='ltr'><em>οὐ</em></span> <span class='ocrx_word' id='word_1_181' title='bbox 1681 2447 1781 2481; x_wconf 89' lang='grc' dir='ltr'><em>πα-</em></span> 
     </span>
     <span class='ocr_line' id='line_1_26' title="bbox 101 2507 1868 2584; baseline 0.002 -22"><span class='ocrx_word' id='word_1_182' title='bbox 101 2511 246 2562; x_wconf 77' lang='grc' dir='ltr'><em>σῶν·</em></span> <span class='ocrx_word' id='word_1_183' title='bbox 307 2507 452 2572; x_wconf 76' lang='grc' dir='ltr'><em>τινὲς</em></span> <span class='ocrx_word' id='word_1_184' title='bbox 511 2507 616 2578; x_wconf 82' lang='grc' dir='ltr'><em>γὰρ</em></span> <span class='ocrx_word' id='word_1_185' title='bbox 679 2507 827 2584; x_wconf 78' lang='grc' dir='ltr'><em>αὐτῷ</em></span> <span class='ocrx_word' id='word_1_186' title='bbox 884 2508 957 2575; x_wconf 80' lang='grc' dir='ltr'><em>ὡς</em></span> <span class='ocrx_word' id='word_1_187' title='bbox 1018 2511 1367 2582; x_wconf 84' lang='grc' dir='ltr'><em>ἐνιστάμενοι</em></span> <span class='ocrx_word' id='word_1_188' title='bbox 1429 2515 1779 2583; x_wconf 63' lang='grc' dir='ltr'><em>ἐγκαλοῦσιν</em></span> <span class='ocrx_word' id='word_1_189' title='bbox 1813 2527 1868 2566; x_wconf 81' lang='lat'><em>25</em></span> 
     </span>
    </p>
   </div>
   <div class='ocr_carea' id='block_1_5' title="bbox 102 2613 454 2619">
    <p class='ocr_par' dir='ltr' id='par_1_9' title="bbox 102 2613 454 2619">
     <span class='ocr_line' id='line_1_27' title="bbox 102 2613 454 2619; baseline 0 0"><span class='ocrx_word' id='word_1_190' title='bbox 102 2613 454 2619; x_wconf 95' lang='lat' dir='ltr'><em> </em></span> 
     </span>
    </p>
   </div>
   <div class='ocr_carea' id='block_1_6' title="bbox 102 2668 1780 2903">
    <p class='ocr_par' dir='ltr' id='par_1_10' title="bbox 102 2668 1780 2903">
     <span class='ocr_line' id='line_1_28' title="bbox 222 2668 1779 2730; baseline 0.003 -18"><span class='ocrx_word' id='word_1_191' title='bbox 222 2671 266 2726; x_wconf 91' lang='lat'><em>1)</em></span> <span class='ocrx_word' id='word_1_192' title='bbox 314 2668 446 2713; x_wconf 82' lang='lat' dir='ltr'>Siout</span> <span class='ocrx_word' id='word_1_193' title='bbox 493 2669 698 2714; x_wconf 76' lang='lat' dir='ltr'>dubitari</span> <span class='ocrx_word' id='word_1_194' title='bbox 743 2671 927 2726; x_wconf 88' lang='lat' dir='ltr'>nequit,</span> <span class='ocrx_word' id='word_1_195' title='bbox 975 2671 1087 2728; x_wconf 88' lang='lat' dir='ltr'>quin</span> <span class='ocrx_word' id='word_1_196' title='bbox 1135 2672 1278 2716; x_wconf 87' lang='lat' dir='ltr'>etiam</span> <span class='ocrx_word' id='word_1_197' title='bbox 1318 2673 1610 2728; x_wconf 87' lang='lat' dir='ltr'>sequentium</span> <span class='ocrx_word' id='word_1_198' title='bbox 1654 2675 1779 2730; x_wconf 82' lang='lat' dir='ltr'><em>apud.</em></span> 
     </span>
     <span class='ocr_line' id='line_1_29' title="bbox 102 2726 1780 2783; baseline 0.005 -14"><span class='ocrx_word' id='word_1_199' title='bbox 102 2726 370 2783; x_wconf 84' lang='lat' dir='ltr'>Hypsiclem</span> <span class='ocrx_word' id='word_1_200' title='bbox 402 2728 770 2783; x_wconf 87' lang='lat' dir='ltr'>propositionum</span> <span class='ocrx_word' id='word_1_201' title='bbox 801 2730 976 2774; x_wconf 86' lang='lat' dir='ltr'>multae</span> <span class='ocrx_word' id='word_1_202' title='bbox 1007 2729 1086 2774; x_wconf 91' lang='lat' dir='ltr'><em>uel</em></span> <span class='ocrx_word' id='word_1_203' title='bbox 1110 2731 1271 2775; x_wconf 89' lang='lat' dir='ltr'>eodem</span> <span class='ocrx_word' id='word_1_204' title='bbox 1295 2730 1433 2775; x_wconf 88' lang='lat' dir='ltr'>modo</span> <span class='ocrx_word' id='word_1_205' title='bbox 1461 2733 1536 2775; x_wconf 86' lang='lat' dir='ltr'><em>uel</em></span> <span class='ocrx_word' id='word_1_206' title='bbox 1562 2731 1780 2777; x_wconf 85' lang='lat' dir='ltr'>similiter</span> 
     </span>
     <span class='ocr_line' id='line_1_30' title="bbox 102 2785 1778 2851; baseline 0.003 -22"><span class='ocrx_word' id='word_1_207' title='bbox 102 2786 226 2851; x_wconf 87' lang='lat' dir='ltr'><em>apud</em></span> <span class='ocrx_word' id='word_1_208' title='bbox 254 2785 557 2842; x_wconf 90' lang='lat' dir='ltr'>Apollonium</span> <span class='ocrx_word' id='word_1_209' title='bbox 587 2788 856 2843; x_wconf 74' lang='lat' dir='ltr'><em>propositae</em></span> <span class='ocrx_word' id='word_1_210' title='bbox 888 2790 937 2832; x_wconf 84' lang='lat' dir='ltr'><em>et</em></span> <span class='ocrx_word' id='word_1_211' title='bbox 968 2788 1314 2834; x_wconf 84' lang='lat' dir='ltr'>demonstratae</span> <span class='ocrx_word' id='word_1_212' title='bbox 1345 2790 1531 2844; x_wconf 81' lang='lat' dir='ltr'>fuerint,</span> <span class='ocrx_word' id='word_1_213' title='bbox 1564 2789 1633 2834; x_wconf 75' lang='lat' dir='ltr'><em>ita</em></span> <span class='ocrx_word' id='word_1_214' title='bbox 1658 2791 1778 2834; x_wconf 86' lang='lat' dir='ltr'>diffi-</span> 
     </span>
     <span class='ocr_line' id='line_1_31' title="bbox 103 2843 1778 2903; baseline 0.003 -16"><span class='ocrx_word' id='word_1_215' title='bbox 103 2843 191 2888; x_wconf 79' lang='lat' dir='ltr'>cile</span> <span class='ocrx_word' id='word_1_216' title='bbox 223 2847 295 2888; x_wconf 87' lang='lat' dir='ltr'><em>est</em></span> <span class='ocrx_word' id='word_1_217' title='bbox 324 2844 473 2899; x_wconf 78' lang='lat' dir='ltr'>diota,</span> <span class='ocrx_word' id='word_1_218' title='bbox 514 2859 630 2900; x_wconf 88' lang='lat' dir='ltr'>quae</span> <span class='ocrx_word' id='word_1_219' title='bbox 663 2846 855 2900; x_wconf 87' lang='lat' dir='ltr'>fuerint,</span> <span class='ocrx_word' id='word_1_220' title='bbox 898 2847 1009 2902; x_wconf 83' lang='lat' dir='ltr'>quia,</span> <span class='ocrx_word' id='word_1_221' title='bbox 1039 2847 1096 2892; x_wconf 88' lang='lat' dir='ltr'><em>de</em></span> <span class='ocrx_word' id='word_1_222' title='bbox 1128 2862 1296 2903; x_wconf 85' lang='lat' dir='ltr'>genere</span> <span class='ocrx_word' id='word_1_223' title='bbox 1337 2847 1489 2903; x_wconf 85' lang='lat' dir='ltr'>operis</span> <span class='ocrx_word' id='word_1_224' title='bbox 1532 2848 1628 2892; x_wconf 87' lang='lat' dir='ltr'>eius</span> <span class='ocrx_word' id='word_1_225' title='bbox 1658 2849 1778 2892; x_wconf 86' lang='lat' dir='ltr'>nihil</span> 
     </span>
    </p>
   </div>
   <div class='ocr_carea' id='block_1_7' title="bbox 99 2902 1776 3005">
    <p class='ocr_par' dir='ltr' id='par_1_11' title="bbox 99 2902 1776 3005">
     <span class='ocr_line' id='line_1_32' title="bbox 104 2902 1776 3005; baseline 0.003 -60"><span class='ocrx_word' id='word_1_226' title='bbox 104 2902 287 3005; x_wconf 52' lang='lat' dir='ltr'>scintius.</span> <span class='ocrx_word' id='word_1_227' title='bbox 350 2915 492 2958; x_wconf 87' lang='lat' dir='ltr'>quare</span> <span class='ocrx_word' id='word_1_228' title='bbox 533 2916 586 2947; x_wconf 85' lang='lat' dir='ltr'><em>ea</em></span> <span class='ocrx_word' id='word_1_229' title='bbox 623 2906 805 2948; x_wconf 87' lang='lat' dir='ltr'>tantum</span> <span class='ocrx_word' id='word_1_230' title='bbox 838 2907 1011 2962; x_wconf 69' lang='lat' dir='ltr'>meepi,</span> <span class='ocrx_word' id='word_1_231' title='bbox 1053 2920 1171 2962; x_wconf 87' lang='lat' dir='ltr'>quae</span> <span class='ocrx_word' id='word_1_232' title='bbox 1205 2906 1376 2950; x_wconf 85' lang='lat' dir='ltr'>diserte</span> <span class='ocrx_word' id='word_1_233' title='bbox 1418 2907 1476 2949; x_wconf 82' lang='lat' dir='ltr'><em>ad</em></span> <span class='ocrx_word' id='word_1_234' title='bbox 1517 2920 1620 2950; x_wconf 87' lang='lat' dir='ltr'><em>eum</em></span> <span class='ocrx_word' id='word_1_235' title='bbox 1660 2907 1776 2951; x_wconf 84' lang='lat' dir='ltr'>refe-</span> 
     </span>
     <span class='ocr_line' id='line_1_33' title="bbox 99 2974 262 3004; baseline 0.012 -2"><span class='ocrx_word' id='word_1_236' title='bbox 99 2974 185 3003; x_wconf 87' lang='lat' dir='ltr'>run</span> <span class='ocrx_word' id='word_1_237' title='bbox 210 2976 262 3004; x_wconf 86' lang='lat' dir='ltr'><em>ur</em></span> 
     </span>
    </p>
   </div>
  </div>
 </body>
</html>
