2046 3256
765 151 1142 195 FRAGMENTA.
1694 147 1798 200 131

121 277 183 342 Γ,
214 278 284 340 A,
310 277 362 326 Ε
396 267 581 334 ἁπλῶς
620 269 881 341 ἀριθμῶν
921 268 1044 338 ἤτοι
1084 278 1356 338 μετρεῖται
1394 264 1502 322 ὑπὸ
1541 265 1803 338 τετράδος

117 356 153 432 ἢ
195 358 279 415 οὔ.

229 450 534 519 μετρείσθω
591 444 865 516 πρότερον
920 441 1028 499 ὑπὸ
1084 442 1346 512 τετράδος
1398 440 1535 497 κατὰ
1580 441 1681 498 τὸν
1728 449 1799 512 Κ,

116 536 210 592 καὶ
233 533 703 606 ὑποτετάχθωσαν
727 543 844 598 τοῖς
867 532 968 604 μὲν
994 538 1063 601 Α,
1090 537 1135 586 Β
1170 531 1528 596 ἑκατοντάδες
1560 534 1622 586 αἱ
1640 537 1714 602 Π,
1741 537 1800 600 Ρ,

23 615 27 622 ‚
117 635 233 690 τοῖς
272 623 333 679 δὲ
373 627 435 692 Γ,
462 628 532 692 A,
559 628 610 676 Ε
648 620 874 685 δεκάδες
913 623 975 674 αἰ
1010 626 1079 689 Σ,
1111 625 1170 689 Τ,
1201 626 1267 673 Y·
1310 619 1400 674 καὶ
1442 617 1470 674 ὁ
1512 620 1802 684 διπλάσιος
1862 634 1888 673 5

30 743 31 746 “
118 713 227 784 ἄρα
256 715 370 768 τῶν
395 717 466 782 Π,
491 717 540 766 Ρ
564 708 697 781 μετὰ
729 718 829 764 τοῦ
854 708 1107 779 πλήθους
1129 711 1242 762 τῶν
1268 713 1336 776 Σ,
1368 713 1427 777 Τ,
1454 714 1501 760 Y
1529 720 1801 778 μετρεῖται

20 1566 22 1569 -
11 1235 39 1539 ⁴³¹⁴*·*‘⁴‘·”-”<1]⁴4w'
22 1163 26 1166 ,
19 1084 29 1130 „·.<
27 1059 33 1063 ,
22 964 37 1011 »h-
27 903 31 913 .„

116 799 226 857 ὑπὸ
257 799 519 872 τετράδος
549 797 685 854 κατὰ
718 796 817 853 τὸν
850 804 918 852 Κ.
980 797 1071 852 καὶ
1104 795 1373 867 φανερόν,
1414 794 1499 851 ὅτι
1532 796 1560 851 ὁ
1598 798 1655 851 ἐκ
1687 798 1800 852 τῶν

118 896 187 958 Α,
218 895 285 959 Β,
310 894 373 957 Γ,
407 895 479 958 A,
506 894 557 943 Ε
595 886 812 959 στερεὸς
853 892 971 950 ἴσος
1011 885 1125 949 ἐστὶ
1163 887 1238 959 τῷ
1281 886 1338 939 ἐκ
1377 887 1490 939 τῶν
1528 891 1604 954 Π,
1638 890 1696 954 Ρ,
1729 890 1800 951 Σ,

125 983 184 1047 Τ,
221 984 268 1031 Τ
304 977 391 1032 ε’πὶ
429 975 531 1031 τὸν
571 978 627 1030 ἐκ
665 978 777 1029 τῶν
819 980 886 1043 Λ,
918 982 999 1043 Μ,
1025 979 1100 1043 Ν,
1132 974 1193 1041 Ξ,
1227 978 1287 1027 Ο.
1364 970 1616 1042 εἰλήφθω
1659 971 1727 1042 δὴ
1770 970 1798 1026 ὁ

119 1068 177 1122 ἐκ
207 1069 320 1120 τῶν
353 1071 422 1135 Λ,
448 1070 529 1134 M,
557 1069 631 1134 Ν,
657 1065 718 1133 Ξ,
749 1068 813 1133 Ο,
840 1069 903 1132 Ζ,
928 1067 1001 1132 Η,
1030 1067 1077 1115 Θ
1116 1059 1335 1131 στερεὸς
1366 1060 1458 1114 καὶ
1491 1064 1627 1115 ἔστω
1662 1057 1690 1115 ὅ
1728 1065 1800 1114 Φ·
1835 1074 1889 1113 10

119 1152 204 1210 ὅτι
245 1152 272 1209 ὃ
310 1155 367 1209 ἐκ
398 1156 510 1208 τῶν
544 1159 613 1222 Α,
638 1157 703 1221 Β,
729 1156 790 1221 Γ,
816 1157 889 1220 A,
915 1157 980 1220 Ε,
1007 1156 1069 1219 Ζ,
1095 1155 1168 1218 Η,
1195 1154 1242 1203 Θ
1281 1146 1499 1218 στερεὸς
1537 1147 1802 1219 μυριάδες

117 1242 260 1298 εἰσὶν
298 1244 562 1297 τοσαῦται
597 1238 884 1311 ὁμώνυμοι
915 1246 990 1313 τῷ
1022 1243 1094 1307 K,
1135 1235 1260 1292 ὅσαι
1293 1235 1531 1307 μονάδες
1566 1236 1708 1291 εἰσὶν
1741 1238 1802 1291 ἐν

118 1332 191 1406 τῷ
237 1336 300 1384 Φ.
378 1331 542 1383 τοίτο
585 1327 646 1382 δὲ
683 1329 1004 1398 γραμμικῶς
1039 1324 1406 1389 Ἀπολλώνιος
1446 1322 1745 1390 ἀπέδειξεν.

224 1415 355 1472 Ἐὰν
397 1415 457 1471 δὲ
498 1415 526 1471 ὁ
571 1414 862 1480 διπλάσιος
900 1422 1000 1469 τοῦ
1040 1412 1293 1483 πλήθους
1331 1416 1444 1468 τῶν
1483 1420 1553 1483 Α,
1582 1418 1628 1466 Β
1668 1410 1800 1483 μετὰ

119 1509 221 1560 τοῦ
258 1503 512 1575 πλήθους
549 1507 662 1559 τῶν
695 1508 758 1572 Γ,
782 1509 853 1573 A,
879 1509 931 1557 E
966 1501 1038 1573 μὴ
1082 1509 1339 1572 μετρῆται
1378 1498 1488 1556 ὑπὸ
1520 1499 1799 1572 τετράδος,
1833 1520 1889 1560 15

118 1593 487 1664 μετρούμενος
535 1591 641 1664 ἄρα
687 1590 824 1646 κατὰ
870 1590 970 1646 τὸν
1011 1595 1068 1644 Κ
1111 1594 1288 1656 λείψει
1333 1585 1367 1660 ἢ
1406 1587 1508 1644 ἕνα
1546 1586 1580 1658 ἢ
1623 1587 1725 1643 δύο
1765 1587 1799 1658 ἢ

117 1693 276 1754 τρεῖς.
338 1685 388 1736 εἰ
426 1680 527 1752 μὲν
567 1673 671 1736 οὖν
711 1679 811 1735 ’ἕνα
850 1684 1043 1748 λείψει,
1085 1675 1114 1734 ὁ
1149 1680 1206 1733 ἐκ
1238 1680 1350 1733 τῶν
1382 1684 1456 1746 Π,
1482 1683 1540 1746 Ρ,
1566 1682 1635 1746 Σ,
1669 1681 1729 1745 Τ,
1759 1683 1807 1730 Τ

119 1768 337 1841 στερεὸς
385 1768 651 1840 μυριάδες
697 1769 839 1823 εἰσὶν
888 1769 1019 1823 δέκα
1067 1765 1355 1837 ὁμώνυμοι
1401 1768 1475 1840 τῷ
1517 1770 1594 1834 Κ,
1652 1768 1702 1819 εἰ
1740 1764 1801 1819 δὲ

119 1857 249 1928 δύο,
299 1857 565 1929 μυριάδες
612 1855 808 1912 ἑκατὸν
854 1854 1143 1927 ὁμώνυμοι
1188 1858 1262 1930 τῷ
1306 1859 1384 1924 Κ,
1433 1857 1483 1908 εἰ
1529 1853 1590 1908 δὲ
1636 1864 1798 1925 τρεῖς,

121 1945 388 2018 μυριάδες
433 1950 603 2017 χίλιαι
651 1943 938 2016 ὁμώνυμοι
983 1946 1058 2018 τῷ
1099 1949 1166 1997 Κ.
1243 1942 1336 1997 καὶ
1377 1945 1549 2012 δῆλον
1590 1942 1647 1996 ἐκ
1685 1950 1799 1996 τῶν
1830 1961 1888 2000 20

119 2033 456 2105 γενομένων,
497 2031 582 2088 ὅτι
622 2031 650 2088 ὁ
693 2035 751 2088 ἐκ
789 2036 901 2087 τῶν
942 2039 1011 2101 Α,
1036 2037 1101 2100 Β,
1127 2035 1189 2099 Γ,
1213 2036 1285 2100 Δ,
1318 2037 1382 2098 Ε,
1415 2036 1478 2099 Ζ,
1500 2034 1576 2100 Η,
1604 2035 1650 2084 Θ
1689 2046 1800 2084 στε·

121 2119 244 2190 ρεός
269 2120 531 2193 μυριάδες
556 2120 697 2175 εἰσὶν
722 2122 1004 2188 τοσαῦται,
1031 2116 1160 2183 ὅσος
1179 2115 1207 2173 ὅ
1229 2117 1594 2181 δεκαπλάσιος
1609 2120 1709 2172 τοῦ
1731 2123 1798 2187 Φ,

121 2209 410 2280 ὁμώνυμοι
455 2211 530 2282 τῷ
572 2214 628 2263 Κ
672 2205 922 2282 ἀριθμῷ,
976 2203 1010 2276 ἢ
1061 2205 1190 2270 ὅσος
1230 2203 1258 2261 ὁ
1301 2204 1798 2269 ἑκατονταπλάσιος

118 2300 219 2352 τοῦ
248 2303 316 2367 Φ,
358 2295 642 2367 ὁμώνυμοι
674 2299 748 2371 τῷ
779 2301 850 2365 Κ,
891 2291 924 2365 ἢ
959 2294 1089 2358 ὅσος
1130 2291 1158 2349 ὃ
1191 2292 1570 2364 χιλιαπλάσιος
1600 2296 1700 2348 τοῦ
1730 2299 1797 2362 Φ,

19 2394 34 2406 ”
119 2381 406 2454 ὁμώνυμοι
443 2386 518 2458 τῷ
559 2389 627 2438 Κ.
1829 2399 1885 2438 25

238 2472 454 2526 Τούτου
486 2472 554 2541 δὴ
587 2474 689 2526 τοῦ
719 2470 1082 2542 θεωρήματος
1111 2468 1642 2540 προτεθεωρημένου
1665 2467 1797 2539 πρό-

241 2637 279 2676 1.
321 2628 471 2675 ἁπλοῦ
503 2629 713 2687 ἀριθμοῦ
745 2630 956 2675 Hultsch.
1110 2633 1149 2675 5.
1192 2629 1273 2674 καὶ
1305 2625 1329 2673 ὁ
1370 2654 1429 2661 -—-
1470 2634 1508 2673 7.
1542 2629 1610 2685 K]
1653 2628 1796 2671 inter-

121 2690 326 2746 polatori
355 2688 522 2734 tribuit
551 2691 763 2737 Hultsch.
915 2694 956 2733 6.
990 2684 1081 2742 ἄρα
1111 2689 1195 2731 τοῦ
1227 2686 1441 2743 πλήθους
1472 2687 1562 2730 τῶν
1595 2685 1795 2729 Hultsch

124 2762 228 2793 cum
260 2748 488 2794 Wallisio.
620 2754 660 2794 8.
695 2753 731 2792 A
769 2774 818 2780 —-
853 2743 905 2792 ἐκ
935 2747 1048 2804 τῶν]
1083 2746 1264 2801 addidi,
1298 2759 1386 2791 om,
1421 2746 1573 2798 codd.;
1615 2747 1722 2799 post
1756 2746 1796 2787 Ο

120 2806 200 2851 lin.
236 2811 262 2850 9
303 2806 408 2851 add.
443 2808 540 2858 ἴσος
572 2802 668 2851 ἐστὶ
699 2808 761 2866 τῷ
796 2803 848 2850 ἐκ
879 2810 971 2849 τῶν
1002 2809 1053 2861 Α,
1079 2808 1129 2860 Β,
1157 2809 1209 2861 Γ,
1233 2807 1289 2859 A,
1315 2806 1356 2847 E
1389 2804 1556 2862 στερεῷ
1595 2802 1796 2846 Hultsch

122 2879 227 2910 cum
256 2865 481 2911 Wallisio.
603 2869 674 2910 21.
707 2864 995 2922 γενομένων]
1028 2862 1357 2921 γεγραμμένων
1389 2861 1601 2906 Hultsch.
1723 2865 1793 2904 26.

120 2923 202 2967 τοῦ
234 2920 561 2982 θεωρήματος]
596 2924 683 2969 del.
715 2922 925 2968 Hultsch.

1472 2992 1530 3036 9*
