2034 3216
252 129 326 182 20
917 128 1197 171 ΚΩΝΙΚῼΝ
1229 123 1292 172 δ’.

253 249 394 320 πρὸς
427 252 559 303 ΛΗ.
623 246 889 316 δεικτέον,
930 244 1016 302 ὅτι
1055 243 1089 318 ἡ
1132 243 1225 301 διὰ
1265 247 1380 301 τῶν
1412 250 1484 315 Κ,
1509 249 1562 300 Λ
1601 249 1963 317 συμπεσεῖταί

254 357 312 391 τε
350 338 416 408 τῇ
456 341 562 390 ΕΖ
607 343 748 408 τομῇ
798 334 891 390 καὶ
929 338 995 407 τῇ
1036 332 1419 408 ἀντικειμένῃ,
1467 333 1558 390 καὶ
1598 335 1663 389 αἰ
1697 331 1805 390 ἀπὸ
1845 337 1958 390 τῶν

257 422 634 496 συμπτώσεων
675 423 764 479 ἐπὶ
800 422 863 479 τὸ
906 432 962 478 A
1001 422 1315 496 ἐφάψονται
1354 426 1467 479 τῶν
1506 426 1710 495 τομῶν.

373 517 511 568 ἔστω
554 511 623 584 δὴ
664 510 1015 585 ἀντικειμένη
1055 510 1090 584 ἡ
1132 518 1215 584 M,
1255 512 1347 567 καὶ
1388 510 1496 568 ἀπὸ
1536 515 1637 568 τοῦ
1679 519 1734 568 Δ
1772 509 1961 584 ἤχθω-

201 617 227 657 5
260 618 369 658 σαν
416 601 797 674 ἐφαπτόμεναι
842 605 955 658 τῶν
994 604 1185 673 τομῶν
1232 603 1295 657 αί
1332 607 1487 673 ΔΜ,
1520 608 1662 673 ΔΣ,
1716 601 1809 657 καὶ
1849 602 1961 658 ἐπι-

261 698 554 764 ζευχθεῖσα
593 689 628 763 ἡ
670 697 820 762 ΜΣ,
869 694 921 746 εἰ
966 689 1239 762 δυνατόν,
1287 689 1362 763 μὴ
1413 692 1662 763 ἐρχέσθω
1710 691 1805 746 διὰ
1848 692 1962 746 τῶν

262 787 344 852 Κ,
381 787 459 851 Λ,
507 778 630 836 ἀλλ’
675 778 798 851 ἤτοι
847 779 941 835 διὰ
987 782 1090 836 τοῦ
1137 779 1330 852 ἑτέρου
1378 776 1566 836 αὐτῶν
1615 775 1649 851 ἢ
1691 779 1765 835 δι’
1805 777 1965 836 οὐδε-

261 871 439 942 τέρου.

375 957 626 1030 ἐρχέσθω
658 957 934 1030 πρότερον
969 956 1062 1012 διὰ
1094 960 1196 1013 τοῦ
1227 962 1285 1011 Κ
1319 957 1411 1012 καὶ
1443 957 1683 1028 τεμνέτω
1714 956 1819 1030 τὴν
1853 963 1971 1012 ΖΗ

177 1061 232 1101 10
265 1046 404 1103 κατὰ
443 1044 505 1102 τὸ
547 1052 609 1101 Χ.
688 1050 838 1102 ἔστιν
880 1044 1014 1117 ἄρα,
1062 1043 1137 1111 ὡς
1175 1043 1209 1116 ἡ
1255 1051 1365 1100 ZA
1412 1044 1552 1119 πρὸς
1592 1050 1736 1115 ΔΗ,
1781 1042 1816 1118 ἡ
1858 1051 1964 1101 XZ

262 1134 402 1208 πρὸς
449 1140 589 1191 ΧΗ·
646 1132 782 1208 ὅπερ
831 1135 1066 1190 ἄτοπον·
1124 1132 1414 1190 ὑπόκειται
1461 1134 1594 1207 γάρ,
1650 1131 1725 1201 ῶς
1771 1132 1804 1207 ἡ
1856 1141 1964 1190 ΖΔ
2019 1202 2022 1204 v

265 1224 404 1294 πρὸς
442 1229 583 1294 ΔΗ,
623 1221 658 1294 ἡ
700 1229 805 1279 ΖΛ
844 1222 984 1295 πρὸς
1022 1229 1152 1279 ΛΗ.

378 1311 478 1369 ἐὰν
521 1312 582 1368 δὲ
621 1311 762 1384 μηδὲ
803 1309 876 1368 δι’
915 1313 1107 1385 ἑτέρου
1145 1315 1258 1369 τῶν
1295 1318 1367 1383 Κ,
1393 1318 1444 1367 A
1483 1316 1704 1385 ἔρχηται
1742 1310 1777 1384 ἡ
1817 1318 1964 1384 ΜΣ,

267 1399 355 1474 ἐφ’
394 1402 653 1474 ἑκατέρας
690 1403 804 1457 τῶν
845 1407 976 1472 ΕΔ,
1011 1408 1121 1456 AZ
1160 1400 1222 1457 τὸ
1263 1400 1551 1458 ἀδύνατον
1590 1405 1898 1474 συμβαίνει.

182 1624 235 1664 15
1073 1608 1166 1678 ιγ’.

386 1729 512 1782 Τῶν
553 1724 741 1783 αὐτῶν
775 1725 959 1783 ὄντων
993 1726 1092 1783 ἐὰν
1122 1725 1185 1782 τὸ
1220 1733 1276 1781 A
1308 1738 1540 1799 σημεῖον
1573 1726 1663 1782 ἐπὶ
1694 1730 1823 1798 μιᾶς
1853 1735 1968 1783 τῶν

267 1814 652 1886 ἀσυμπτῶτων
693 1810 746 1887 ᾗ,
786 1817 878 1871 καὶ
917 1814 983 1871 τὰ
1024 1814 1192 1872 λοιπὰ
1230 1817 1296 1872 τὰ
1340 1814 1480 1872 αὐτὰ
1520 1813 1759 1889 ὑπάρχῃ,
1798 1813 1833 1888 ἡ
1875 1816 1969 1872 διὰ

267 1907 381 1959 τῶν
423 1907 752 1975 διαιρέσεων
792 1905 1040 1977 ἀγομένη
1087 1905 1442 1976 παράλληλος
1489 1910 1641 1961 ἔσται
1685 1908 1752 1978 τῇ
1799 1902 1969 1976 ἀσυμ-

269 1993 482 2068 πτῶτῳ,
524 1991 612 2064 ἐφ’
650 1986 715 2064 ἧς
754 1996 867 2050 ἐστι
904 1993 965 2049 τὸ
1002 2005 1253 2066 σημεῖον,
1292 1995 1385 2049 καὶ
1419 1993 1792 2065 ἐκβαλλομένη
1834 2009 1969 2065 συμ-

182 2096 238 2135 20
270 2093 514 2137 πεσεῖται
552 2085 619 2154 τῇ
658 2086 826 2155 τομῇ,
875 2083 967 2138 καὶ
1007 2080 1041 2154 ἡ
1084 2080 1191 2149 ἀπὸ
1233 2087 1331 2154 τῆς
1370 2081 1740 2155 συμπτώσεως
1778 2082 1866 2138 ἐπὶ
1904 2079 1968 2137 τὸ

271 2181 503 2242 σημεῖον
543 2168 790 2242 ἀγομένη
834 2171 1107 2242 ἐφάψεται
1144 2174 1242 2243 τῆς
1278 2174 1464 2242 τομῆς.

384 2263 523 2314 ἔστω
563 2258 670 2330 γὰρ
710 2257 993 2331 ὑπερβολὴ
1035 2261 1128 2315 καὶ
1165 2259 1539 2331 ἀσύμπτωτοι,
1579 2260 1672 2315 καὶ
1712 2259 1968 2330 εἰλήφθω

272 2347 359 2401 ἐπὶ
400 2356 531 2417 μιᾶς
575 2351 691 2403 τῶν
732 2345 1117 2418 ἀσυμπτῶτων
1164 2347 1226 2403 τὸ
1266 2355 1349 2419 A,
1402 2349 1494 2404 καὶ
1542 2346 1872 2419 διήχθωσαν
1913 2348 1975 2402 αἱ

273 2432 491 2490 εὐθεῖαι
528 2437 620 2490 καὶ
663 2435 1094 2508 διῃρήσθωσαν,
1137 2434 1211 2502 ὡς
1250 2444 1487 2509 εἴρηται,
1527 2435 1621 2491 καὶ
1658 2432 1819 2506 ’ἤχθω
1859 2432 1967 2490 ἀπὸ

183 2538 238 2577 25
273 2525 374 2578 τοῦ
415 2530 470 2577 Δ
517 2524 869 2595 ἐφαπτομένη
918 2528 1015 2595 τῆς
1059 2528 1230 2596 τομῆς
1276 2523 1309 2595 ἡ
1357 2531 1484 2580 ΔΒ.
1576 2525 1746 2595 λέγω,
1801 2520 1887 2578 ὅτι
1934 2520 1968 2594 ἡ

391 2750 432 2789 2.
465 2745 535 2804 τε]
570 2757 659 2789 om.
679 2757 725 2800 c·
758 2745 813 2802 τῇ
838 2761 887 2789 τε
924 2745 1108 2803 Halley.
1307 2742 1473 2860 &vg
1422 2743 1474 2789 δέ
1481 2744 1606 2848 Ang
1639 2757 1755 2789 corr.
1779 2743 1965 2801 Halley.

332 2810 373 2849 6.
407 2801 458 2862 ἡ]
493 2819 610 2861 cpv‚
643 2817 777 2849 enan.
794 2803 849 2848 V.
978 2808 1047 2848 11.
1081 2804 1188 2863 ZA]
1222 2749 1314 2848 E.A
1545 2819 1596 2860 p3
1630 2817 1745 2847 corr.
1772 2804 1968 2847 Memus.

334 2868 402 2908 12.
438 2863 540 2937 ΖΛ]
573 2879 620 2920 Ρ,
652 2865 743 2907 ΕΛ
772 2862 831 2908 V.
953 2863 1074 2921 ΛΗ]
1109 2879 1153 2922 Ρ,
1169 2804 1291 2908 ]ΔΗ
1316 2862 1372 2907 V.
1481 2808 1575 2907 Δ24.
1611 2860 1966 2921 διῃρήσθωσαν]

272 2936 317 2978 Ρ,
353 2922 599 2980 διῃρήσθω
633 2922 685 2967 V
1839 2960 1843 2963 .
