2020 3236
274 122 382 176 266
746 124 1186 169 COMMENTARIA
1215 124 1497 178 ANTIQUA.

272 240 399 299 ἀντὶ
444 245 547 299 τοῦ
586 248 632 297 Β
680 241 1112 315 λαμβανόμενον
1153 253 1385 315 σημεῖον
1425 238 1460 314 ἢ
1498 239 1707 299 ταύτόν
1746 241 1863 300 ἐστι
1899 246 1978 320 τῷ

271 339 326 386 Α
357 328 391 403 ἢ
423 330 630 388 ταύτὸν
661 335 737 409 τῷ
772 337 836 388 Γ·
878 331 1001 388 τότε
1031 333 1138 406 γὰρ
1173 337 1469 405 συμβαίνει
1499 332 1563 388 τὸ
1596 330 1706 390 ἀπὸ
1738 341 1836 405 τῆς
1867 339 1921 389 A
1930 338 1978 389 Θ

269 425 550 492 τρίγωνον
613 421 813 494 ὅμοιον
875 425 951 499 τῷ
1006 427 1172 478 ΓΔΛ
1232 420 1439 479 ταύτὸν
1501 419 1648 479 εἶναι
1707 425 1784 500 τῷ
1846 419 1977 479 ἀπο-

269 511 590 586 τεμνομένῳ
631 510 888 587 τριγώνῳ
930 508 1037 568 ὑπὸ
1076 515 1190 568 τών
1229 513 1602 585 παραλλήλων
1637 523 1758 578 ταῖς
1790 516 1975 568 ΔΛΓ.

211 612 237 652 5
271 598 369 655 ἐὰν
418 599 481 656 δὲ
529 599 732 672 μεταξὺ
778 603 977 675 ληφθῇ
1022 600 1086 657 τὸ
1126 607 1174 656 Β
1223 612 1454 674 σημεῖον
1493 603 1607 658 τῶν
1647 609 1726 673 Α,
1756 606 1827 672 Γ,
1880 601 1975 658 καὶ

267 687 336 743 τὰ
383 696 466 760 Δ,
506 694 559 744 Λ
612 687 873 762 ἀνωτέρω
922 683 1026 746 αἷσι
1075 693 1190 747 τών
1243 691 1499 764 περάτων
1553 693 1652 763 τῆς
1713 692 1976 765 δευτέρας

269 779 601 851 διαμέτρου,
662 783 918 851 γίνονται
976 779 1214 846 πτώσεις
1273 790 1442 853 τρεῖς·
1510 778 1578 836 τὰ
1639 780 1747 852 γὰρ
1809 786 1882 850 Ζ,
1922 785 1976 835 Ε

266 862 301 938 ἢ
364 865 624 940 ἀνωτέρω
688 871 801 925 τῶν
856 869 1115 940 περάτων
1172 869 1441 943 φέρονται
1495 866 1530 942 ἢ
1587 868 1671 926 ἐπ’
1730 866 1872 925 αὐτὰ
1933 866 1972 941 ἦ

263 957 569 1028 κατωτέρω.
656 958 757 1013 ἐὰν
797 957 859 1013 δὲ
897 959 964 1014 τὰ
1006 965 1086 1028 Δ,
1119 963 1171 1013 Λ
1219 958 1307 1014 ἐπὶ
1351 960 1419 1015 τὰ
1464 960 1674 1031 πέρατα
1721 951 1825 1016 ώσι
1871 968 1971 1030 τῆς

178 1057 235 1098 10
268 1045 532 1117 δευτέρας
573 1047 892 1119 διαμέτρου,
931 1046 998 1102 τὰ
1041 1054 1104 1118 Ζ,
1139 1054 1191 1103 Ε
1226 1048 1515 1121 κατωτέρω
1549 1047 1972 1120 ἐνεχθήσονται.

265 1132 471 1206 ὁμοίως
526 1134 589 1191 δὲ
642 1136 735 1191 καὶ
782 1138 804 1178 †
856 1137 958 1192 ἐὰν
1012 1137 1257 1209 ἐξωτέρω
1304 1140 1500 1211 ληφθῇ
1548 1140 1653 1194 τοῦ
1697 1141 1751 1193 Γ
1788 1135 1852 1194 τὸ
1900 1143 1966 1209 Β,

266 1223 402 1294 [καὶ]
438 1221 472 1295 ἡ
499 1229 609 1280 ΘΓ
633 1226 721 1280 ἐπὶ
751 1224 816 1281 τὸ
842 1230 895 1281 Γ
920 1225 1340 1298 ἐκβληθήσεται,
1375 1230 1671 1299 συμβαίνει
1698 1226 1760 1283 δὲ
1786 1226 1967 1293 οὕτως

262 1317 526 1382 γίνεσθαι
573 1312 748 1379 ἄλλας
792 1317 1028 1381 πτώσεις
1064 1327 1231 1387 τρεῖς·
1270 1325 1372 1372 τοῦ
1412 1315 1520 1389 γὰρ
1563 1323 1618 1371 Δ
1657 1320 1892 1388 σημείου
1930 1312 1966 1387 ἢ

263 1399 523 1474 ἀνωτέρω
566 1404 885 1476 φερομένου
927 1407 1031 1460 τοῦ
1069 1405 1303 1478 πέρατος
1340 1408 1440 1477 τῆς
1479 1405 1741 1478 δευτέρας
1779 1405 1967 1476 διαμέ-

175 1502 229 1542 15
262 1512 399 1563 τρου
447 1487 480 1562 ἢ
523 1490 606 1547 ἐπ’
654 1489 789 1548 αὐτὸ
829 1489 864 1564 ἢ
904 1495 1194 1566 κατωτέρω
1234 1495 1328 1550 καὶ
1367 1493 1430 1550 τὸ
1471 1500 1517 1549 Ζ
1558 1491 1765 1566 ὁμοίως
1803 1493 1966 1566 φερό-

261 1601 434 1651 μενον
474 1578 696 1651 ποιήσει
734 1579 831 1647 τὰς
862 1593 1010 1654 τρεῖς
1040 1581 1286 1649 πτώσεις.
1359 1581 1459 1639 ἐὰν
1493 1582 1555 1655 δὲ
1588 1583 1675 1639 ἐπὶ
1705 1583 1773 1638 τὰ
1805 1583 1967 1656 ἔτερα

259 1670 399 1739 μέρη
454 1671 552 1740 τῆς
605 1673 779 1741 τομῆς
829 1673 1025 1744 ληφθῇ
1082 1670 1142 1727 τὸ
1198 1677 1245 1727 Β
1301 1682 1561 1743 σημεῖον,
1615 1669 1650 1743 ἡ
1704 1670 1808 1743 μὲν
1862 1675 1966 1726 ΓΘ

259 1756 666 1829 ἐκβληθήσεται
706 1758 794 1814 ἐπὶ
832 1758 894 1815 τὸ
937 1766 984 1815 Θ
1024 1757 1115 1815 διὰ
1155 1762 1260 1831 τὴν
1300 1760 1607 1833 ἀπόδειξιν,
1647 1762 1711 1816 αἱ
1745 1759 1808 1816 δὲ
1838 1765 1963 1832 ΒΖ,

258 1851 369 1901 ΒΕ
404 1850 630 1902 ποιοῦσι
667 1847 902 1914 πτώσεις
942 1860 1103 1919 τρεῖς,
1144 1848 1332 1921 ἐπειδὴ
1371 1853 1433 1905 τὸ
1475 1855 1528 1904 Λ
1567 1849 1656 1905 ἐπὶ
1695 1850 1758 1905 τὸ
1792 1849 1964 1922 πέρας

169 1948 226 1987 20
259 1935 487 2007 φέρεται
511 1938 609 2007 τῆς
636 1937 896 2009 δευτέρας
923 1938 1225 2009 διαμέτρου
1249 1935 1283 2009 ἢ
1310 1937 1570 2012 ἀνωτέρω
1595 1934 1630 2010 ἢ
1654 1938 1959 2010 κατωτέρω.

370 2024 457 2079 ἐπὶ
486 2023 549 2079 δὲ
572 2026 672 2095 τῆς
696 2025 990 2092 ἐλλείψεως
1014 2026 1104 2082 καὶ
1130 2029 1228 2098 τῆς
1251 2030 1353 2083 τοῦ
1377 2025 1590 2083 κύκλου
1605 2030 1962 2100 περιφερείας

257 2109 427 2169 οὐδὲν
465 2118 722 2170 ποικίλον
761 2115 1028 2187 ἐροῦμεν,
1071 2112 1212 2171 ἀλλὰ
1253 2113 1358 2171 ὅσα
1399 2117 1460 2172 ἐν
1497 2119 1574 2191 τῷ
1614 2114 1958 2190 προλαβόντι

253 2201 578 2274 θεωρήματι
627 2204 849 2276 ἐλέχθη·
898 2201 972 2270 ὡς
1012 2202 1156 2259 εἶναι
1195 2203 1294 2269 τὰς
1331 2203 1564 2270 πτώσεις
1601 2207 1703 2261 τοῦ
1740 2202 1958 2277 θεωρή-

255 2311 425 2361 ματος
470 2290 676 2346 τούτου
722 2282 807 2364 ᾗ.

375 2503 415 2541 2.
449 2498 505 2555 A]
541 2496 727 2553 scripsi,
772 2503 814 2542 Δ
845 2498 959 2556 Wp.
1112 2495 1218 2544 τότε
1250 2499 1361 2559 γάρ]
1395 2499 1476 2545 καὶ
1507 2499 1610 2546 τότε
1643 2501 1814 2574 Halley
1847 2515 1955 2547 cum

256 2555 455 2609 Comm.;
488 2557 594 2602 fort.
621 2554 726 2601 τότε
754 2557 827 2601 δέ.
940 2563 981 2603 6.
1014 2558 1072 2617 Λ]
1101 2562 1135 2602 Ζ
1160 2560 1274 2616 Wp,
1310 2573 1427 2604 corr.
1454 2559 1629 2606 Comm.
1739 2575 1852 2605 ωσιν
1875 2561 1951 2608 W.

317 2621 356 2661 7.
391 2616 458 2674 Ε]
494 2618 549 2671 Ε,
579 2616 770 2688 HWp‚
804 2630 920 2662 corr.
948 2618 1123 2663 Comm.
1247 2625 1288 2665 8.
1321 2617 1514 2677 mtert)
1572 2634 1661 2665 om.
1683 2619 1799 2677 Wp,
1833 2635 1949 2668 corr.

255 2675 431 2720 Comm.
575 2681 616 2720 9.
650 2669 762 2719 ὦσιν
794 2675 868 2719 W.
1017 2682 1085 2722 11.
1118 2677 1176 2736 B]
1212 2692 1327 2724 corr.
1360 2694 1416 2724 ex
1450 2680 1491 2723 Θ
1736 2685 1806 2725 12.
1839 2682 1948 2740 καί]

254 2734 403 2779 deleo.
528 2734 593 2793 Γ]
626 2734 749 2791 Wp,
794 2738 844 2778 H
869 2735 1053 2793 Halley.
1178 2734 1299 2782 οὕτω
1333 2754 1377 2796 p.
1533 2743 1602 2783 13.
1643 2738 1706 2796 A]
1744 2753 1860 2786 corr.
1893 2754 1951 2786 ex

251 2798 291 2837 Λ
324 2794 399 2838 W.
547 2798 614 2840 18.
651 2794 711 2853 Θ]
746 2797 795 2837 Η
822 2793 1003 2852 Halley.
1154 2801 1224 2841 19.
1257 2798 1475 2843 ποιοῦσιν
1507 2797 1581 2842 W.
1710 2796 1763 2843 τὸ
1795 2800 1855 2859 Λ]
1888 2799 1948 2845 τὰ

253 2857 301 2909 Ζ,
328 2856 369 2897 Ε
400 2851 571 2910 Halley
604 2867 708 2898 cum
735 2852 909 2899 Comm
1033 2859 1104 2901 21.
1140 2852 1218 2901 ἐπὶ
1244 2855 1319 2916 δέ]
1351 2855 1526 2914 addidi,
1560 2870 1649 2902 om.
1667 2857 1781 2916 Wp.
1875 2865 1947 2906 23.

252 2924 445 2986 ἐλέχθη]
481 2929 659 2986 scripsi,
692 2930 840 2989 λεχθῇ
874 2929 987 2988 Wp.
1113 2936 1183 2975 24.
1217 2933 1295 2992 ρδ]
1329 2933 1507 2991 scripsi,
1541 2948 1565 2987 ρ
1598 2933 1712 2990 Wp.
