2034 3216
207 161 278 215 28
878 163 1155 208 ΚῼΝΙΚῼΝ
1188 158 1251 207 δ’.

319 283 480 353 λέγω,
524 280 608 337 ὅτι
643 279 677 352 ἡ
712 279 821 338 ἀπὸ
854 284 957 338 τοῦ
989 287 1034 336 Ζ
1065 281 1154 338 ἐπὶ
1185 279 1248 337 τὸ
1281 286 1334 336 Γ
1359 279 1604 353 ἀγομένη
1637 280 1913 354 παράλλη-

207 376 304 437 λος
344 375 496 427 ἔσται
535 374 602 444 τῇ
641 369 1012 446 ἀσυμπτώτω,
1053 369 1140 442 ἐφ’
1178 363 1245 442 ἧς
1284 371 1399 426 ἐστι
1436 371 1498 426 τὸ
1541 381 1789 443 σημεῖον.

322 465 571 516 ἔστωσαν
618 454 684 515 τὰ
741 456 880 515 αὐτὰ

207 559 325 614 τοῖς
360 553 700 620 ἔμπροσθεν,
732 547 795 604 τὸ
822 549 885 604 δὲ

149 650 175 689 5
210 647 264 692 A
316 649 549 709 σημεῖον
606 637 693 693 ἐπὶ
754 641 885 709 μιᾶς

207 735 321 782 τῶν
354 723 757 798 ἀσυμπτῶτων,
789 727 880 782 καὶ

207 813 367 887 ἤχθω
402 816 495 870 διὰ
528 819 630 871 τοῦ
665 821 710 870 Ζ
748 835 885 887 παρ-

210 903 475 976 ἀλληλος,
538 904 631 960 καὶ
687 908 738 960 εἰ
791 908 883 960 δυ·
997 879 1054 925 Α
1403 923 1457 963 Δ
1687 919 1800 961 ΓΕ

210 992 402 1062 νατόν,
431 992 505 1065 μὴ
531 994 770 1049 πιπτέτω
797 993 886 1049 ἐπὶ

122 1093 179 1135 10
209 1079 272 1137 τὸ
315 1086 377 1152 Γ,
424 1081 548 1138 ἀλλ’
585 1082 673 1138 ἐπὶ
710 1083 773 1138 τὸ
814 1088 886 1139 Η.

211 1174 364 1226 ἔσται
405 1170 494 1242 δή,
536 1168 611 1237 ῶς
649 1168 683 1242 ἡ
718 1177 835 1227 ΑΔ
866 1170 1005 1244 πρὸς
1038 1179 1169 1243 ΔΒ,
1210 1170 1243 1243 ἡ
1279 1179 1402 1228 AH
1434 1171 1572 1246 πρὸς
1611 1178 1740 1228 ΗΒ·
1781 1170 1916 1244 ὅπερ

211 1260 437 1315 ἄτοπον.
502 1258 535 1331 ἡ
576 1258 685 1332 ἄρα
725 1257 836 1316 ἀπὸ
878 1270 978 1316 τοῦ
1012 1267 1056 1315 Ζ
1095 1260 1245 1334 παρὰ
1286 1260 1388 1332 τὴν
1429 1259 1798 1333 ἀσύμπτωτον
1831 1261 1918 1318 ἐπὶ

210 1347 273 1404 τὸ
314 1354 367 1404 Γ
397 1353 596 1405 πίπτει.

1017 1438 1113 1510 ιη’.

126 1554 179 1594 15
320 1540 454 1597 Ἐὰν
510 1543 571 1598 ἐν
626 1540 1033 1613 ἀντικειμέναις
1089 1548 1286 1616 ληφθῇ
1333 1565 1386 1598 τι
1435 1555 1667 1616 σημεῖον
1715 1547 1919 1616 μεταξὺ

212 1633 326 1686 τῶν
369 1629 472 1686 δύο
511 1633 719 1702 τομῶν,
759 1631 852 1686 καὶ
891 1628 986 1686 ἀπ’
1024 1631 1200 1687 αὐτοῦ
1242 1629 1347 1687 δύο
1388 1629 1607 1687 εὐθεῖαι
1641 1636 1922 1706 διαχθῶσι

212 1720 519 1791 τέμνουσαι
574 1720 838 1792 ἑκατέραν
893 1722 1006 1775 τῶν
1061 1722 1276 1791 τομῶν,
1331 1721 1422 1776 καὶ
1471 1718 1544 1787 ὡς
1590 1726 1815 1794 ἔχουσιν
1862 1726 1925 1779 αἰ

215 1807 418 1879 μεταξὺ
470 1812 568 1879 τῆς
615 1812 743 1880 μιᾶς
789 1812 962 1880 τομῆς
1014 1807 1153 1883 πρὸς
1198 1810 1298 1874 τὰς
1344 1809 1546 1881 μεταξὺ
1592 1814 1688 1882 τῆς
1735 1811 1921 1884 ἑτέρας

215 1901 388 1968 τομῆς
418 1897 510 1952 καὶ
541 1900 643 1953 τοῦ
676 1896 851 1953 αὐτοῦ
886 1902 1138 1969 σημείου,
1174 1896 1352 1963 οὕτως
1384 1902 1582 1969 ἔχωσιν
1616 1902 1678 1954 αἱ
1701 1905 1924 1971 μείζους

129 1998 186 2038 20
217 1994 331 2042 τῶν
372 1983 928 2058 ἀπολαμβανομένων
968 1984 1171 2058 μεταξὺ
1205 1990 1319 2042 τῶν
1351 1989 1751 2058 ἀντικειμένων
1781 1991 1922 2062 πρὸς

216 2073 315 2140 τὰς
338 2071 614 2148 ὑπεροχὰς
638 2074 846 2146 αὐτῶν,
871 2073 904 2147 ἡ
926 2074 1021 2130 διὰ
1040 2078 1154 2132 τῶν
1178 2074 1432 2147 περάτων
1457 2074 1701 2148 ἀγομένη
1726 2076 1922 2134 εὐθεῖα

215 2166 328 2219 τῶν
376 2163 647 2235 μειζόνων
693 2164 937 2221 εὐθειῶν
990 2176 1111 2230 ταῖς
1155 2175 1350 2236 τομαῖς
1395 2177 1777 2237 συμπεσεῖται,
1827 2168 1923 2223 καὶ

219 2255 282 2307 αἱ
341 2251 448 2308 ἀπὸ
510 2257 624 2309 τῶν
687 2252 1065 2325 συμπτώσεων
1127 2253 1215 2309 ἐπὶ
1275 2252 1337 2308 τὸ
1402 2253 1625 2324 ληφθὲν
1687 2266 1922 2327 σημεῖον

219 2340 496 2412 ἀγόμεναι
536 2340 755 2398 εὐθεῖαι
797 2341 1110 2413 ε’φάψονται
1149 2344 1261 2397 τῶν
1299 2344 1585 2414 γραμμῶν.

129 2444 187 2484 25
334 2434 584 2486 ἔστωσαν
623 2431 1001 2502 ἀντικείμεναι
1051 2433 1113 2485 αἱ
1147 2437 1219 2502 Α,
1244 2436 1309 2500 Β,
1356 2430 1448 2485 καὶ
1487 2429 1550 2485 τὸ
1590 2435 1647 2484 Δ
1685 2443 1921 2503 σημεῖον

220 2517 423 2590 μεταξὺ
469 2523 585 2575 τῶν
633 2523 840 2590 τομῶν.
916 2519 1193 2592 πρότερον
1238 2515 1560 2574 ὑποκείσθω
1602 2520 1662 2574 ἐν
1700 2528 1768 2592 τῇ
1807 2518 1918 2577 ὑπὸ

219 2611 332 2662 τῶν
380 2605 762 2678 ἀσυμπτῶτων
806 2608 1169 2680 περιεχομένῃ
1210 2612 1413 2680 γωνίᾳ,
1459 2607 1549 2662 καὶ
1591 2607 1685 2664 διὰ
1721 2613 1823 2666 τοῦ
1864 2617 1921 2665 A

220 2696 548 2767 διήχθωσαν
575 2699 637 2751 αἱ
657 2702 849 2766 ΑΔΒ,
876 2702 1048 2751 ΓΔΘ.
1097 2700 1296 2767 μείζων
1321 2693 1431 2767 ἄρα
1457 2696 1608 2751 ἐστὶν
1631 2694 1665 2767 ἡ
1690 2696 1792 2769 μὲν
1810 2705 1919 2753 ΑΔ

219 2789 315 2857 τῆς
355 2792 492 2856 ΔΒ,
539 2782 573 2856 ἡ
623 2784 684 2840 δὲ
731 2790 836 2840 ΓΔ
879 2788 977 2856 τῆς
1015 2791 1150 2856 ΔΘ,
1199 2783 1343 2839 διότι
1391 2791 1482 2856 ἴση
1532 2787 1682 2842 ἐστὶν
1728 2783 1762 2857 ἡ
1802 2792 1923 2841 ΒΝ

343 2969 413 3007 23.
448 2960 526 3021 αἱ]
561 2977 649 3008 om.
676 2962 780 3019 Vp3
816 2975 930 3009 corr.
963 2961 1145 3018 Halley.
