2046 3256
267 132 371 185 148
732 131 1172 174 COMMENTARIA
1203 130 1485 183 ANT1QUA.

263 249 372 307 ὑπὸ
409 258 462 306 A
474 255 589 306 ΛΓ
623 256 749 305 ἴσον
785 248 936 304 ἐστὶν
968 251 1043 323 τῷ
1082 245 1187 304 ὑπὸ
1220 253 1389 303 ΒΔΕ
1425 250 1599 318 [Eucl.
1622 248 1694 319 Π,
1719 249 1793 316 3].
1848 246 1965 303 ἐπεὶ

266 340 328 395 δὲ
373 340 435 395 τὸ
484 336 594 394 ὑπὸ
637 342 808 392 BEA
856 343 983 392 ἴσον
1030 337 1182 392 ἐστὶν
1227 338 1302 412 τῷ
1343 333 1451 391 ἀπὸ
1494 340 1621 407 ΕΓ,
1676 334 1966 409 ἀμφότερα

264 426 585 501 ἀφῃρήσθω
627 424 736 482 ἀπὸ
776 428 879 481 τοῦ
917 423 1026 481 ἀπὸ
1067 434 1166 497 τῆς
1205 431 1315 481 ΒΕ
1349 424 1725 497 τετραγώνου·
1764 423 1965 481 λοιπὸν

268 520 445 586 [Eucl.
485 518 553 588 II,
595 519 652 585 6]
710 513 820 586 ἄρα
865 512 929 569 τὸ
977 512 1087 569 ὑπὸ
1138 519 1311 569 ΑΒΓ
1361 521 1486 570 ἴσον
1534 513 1685 569 ἐστὶν
1729 516 1804 590 τῷ
1854 510 1966 570 ὑπὸ

207 622 236 662 5
272 612 443 661 EBA
486 608 658 674 [Eucl.
691 606 762 675 II,
794 606 870 672 2].
944 607 1157 673 γίνεται
1197 601 1307 674 ἄρα
1344 601 1410 657 τὰ
1449 607 1588 676 τρία.
2045 603 2046 609 ’

381 708 443 777 ζ’.
498 708 573 764 Τὸ
609 715 662 763 A
699 706 841 782 πρὸς
881 705 942 762 τὸ
977 713 1025 761 Β
1064 707 1166 763 τὸν
1207 710 1568 779 συνημμένον
1599 705 1771 777 λόγον
1804 707 1967 778 ἐχέτω
2045 703 2046 710 ³

267 803 327 855 ἔκ
365 820 422 854 τε
460 801 563 853 τοῦ
605 794 673 853 ὃν
712 800 823 868 ἔχει
861 795 923 851 τὸ
966 800 1019 850 Γ
1050 792 1189 868 πρὸς
1226 795 1290 852 τὸ
1329 804 1386 851 A
1423 796 1515 851 καὶ
1556 796 1609 862 ἐξ
1639 787 1720 851 ὀὗ
1759 792 1827 851 ὃν
1859 799 1969 867 ἔχει
2038 834 2043 838 -

267 886 330 943 τὸ
372 893 424 942 Ε
458 886 598 958 πρὸς
636 885 697 941 τὸ
742 891 810 940 Ζ·
866 882 952 940 ὅτι
999 885 1093 939 καὶ
1132 882 1194 940 τὸ
1234 890 1288 940 Γ
1325 883 1465 957 πρὸς
1502 884 1564 940 τὸ
1604 889 1660 938 A
1704 882 1806 940 τὸν
1843 899 1971 939 συνε

269 976 520 1049 ημμένον
561 973 734 1045 λόγον
777 978 887 1046 ἔχει
929 977 986 1028 ἔκ
1017 995 1075 1029 τε
1106 976 1207 1029 τοῦ
1241 970 1309 1029 ὃν
1343 978 1453 1045 ἔχει
1482 972 1545 1029 τὸ
1572 981 1625 1029 Α
1661 972 1895 1043 πρὸςτὸ
1922 978 1969 1028 Β

184 1082 239 1122 10
271 1066 364 1121 καὶ
403 1063 466 1120 τὸ
507 1070 552 1119 Ζ
590 1062 731 1137 πρὸς
767 1063 829 1118 τὸ
871 1069 931 1118 Ε.

382 1157 458 1230 τῷ
499 1152 607 1225 γὰρ
638 1155 740 1208 τοῦ
774 1158 826 1206 Ε
854 1152 996 1223 πρὸς
1025 1150 1088 1206 τὸ
1123 1157 1168 1205 Ζ
1200 1152 1347 1226 λόγῳ
1383 1148 1412 1207 5
1446 1148 1613 1217 αὐτὸς
1644 1150 1970 1223 πεποιήσθω

276 1241 304 1299 5
345 1245 446 1298 τοῦ
485 1247 541 1296 A
586 1239 724 1312 πρὸς
762 1238 825 1296 τὸ
866 1245 937 1296 Η.
1015 1239 1130 1295 ἐπεὶ
1180 1234 1285 1295 οὗν
1335 1238 1363 1296 5
1403 1244 1505 1296 τοῦ
1545 1248 1598 1296 A
1642 1238 1782 1313 πρὸς
1821 1238 1884 1295 τὸ
1924 1245 1971 1294 Β

275 1334 550 1402 συνῆπται
606 1334 665 1385 ἐκ
709 1351 767 1385 τε
820 1331 922 1384 τοῦ
967 1332 1070 1384 τοῦ
1109 1334 1162 1384 Γ
1209 1329 1348 1400 πρὸς
1396 1336 1450 1384 A
1496 1330 1590 1384 καὶ
1635 1332 1739 1385 τοῦ
1783 1330 1883 1384 τοί
1924 1333 1976 1382 Ε

275 1419 415 1491 πρὸς
456 1425 520 1490 Ζ,
559 1420 844 1475 τουτέστιν
884 1420 986 1473 τοῦ
1027 1424 1081 1472 A
1120 1419 1259 1489 πρὸς
1296 1419 1359 1474 τὸ
1402 1424 1476 1488 Η,
1516 1416 1657 1474 ἀλλὰ
1697 1415 1727 1473 5
1768 1433 1974 1488 συνημ-

188 1527 245 1567 15
277 1510 443 1581 μένος
491 1513 549 1563 ἔκ
588 1529 645 1563 τε
691 1510 794 1563 τοῦ
842 1504 909 1562 ὃν
951 1511 1059 1578 ἔχει
1106 1505 1167 1562 τὸ
1209 1511 1263 1562 Γ
1300 1505 1438 1579 πρὸς
1474 1505 1539 1563 τὸ
1577 1513 1632 1562 A
1677 1506 1770 1562 καὶ
1810 1507 1864 1572 ἐξ
1905 1498 1975 1561 οὗ

279 1595 347 1655 ὃν
388 1603 496 1670 ἔχει
533 1597 595 1653 τὸ
635 1603 690 1651 A
735 1599 874 1669 πρὸς
910 1596 973 1650 τὸ
1015 1601 1079 1651 Η
1120 1598 1270 1651 ἐστιν
1317 1594 1346 1652 5
1386 1599 1488 1652 τοῦ
1527 1601 1580 1652 Γ
1618 1595 1758 1669 πρὸς
1795 1596 1858 1652 τὸ
1899 1600 1974 1665 Η,

279 1690 353 1753 ὡς
399 1686 507 1759 ἄρα
554 1684 616 1742 τὸ
656 1692 709 1739 A
755 1685 895 1757 πρὸς
941 1682 1002 1740 τὸ
1043 1691 1114 1755 Β,
1173 1683 1350 1750 οὕτως
1395 1683 1458 1741 τὸ
1506 1690 1559 1740 Γ
1606 1683 1746 1758 πρὸς
1791 1683 1853 1740 τὸ
1902 1688 1974 1741 Η.

280 1776 396 1831 ἐπεὶ
437 1775 499 1831 δὲ
537 1774 599 1831 τὸ
643 1778 696 1829 Γ
733 1774 874 1846 πρὸς
911 1771 973 1828 τὸ
1018 1780 1072 1828 A
1110 1773 1212 1829 τὸν
1253 1774 1614 1846 συνημμένον
1652 1772 1826 1844 λόγον
1866 1776 1976 1844 ἔχει

281 1869 337 1920 ἔκ
374 1886 431 1920 τε
471 1867 572 1920 τοῦ
614 1859 682 1918 ὃν
723 1866 833 1933 ἔχει
871 1864 932 1917 τὸ
968 1867 1021 1917 Γ
1055 1864 1194 1935 πρὸς
1233 1865 1294 1917 τὸ
1325 1867 1391 1916 Η
1421 1863 1513 1917 καὶ
1554 1862 1608 1928 ἐξ
1648 1854 1719 1917 οὗ
1758 1858 1828 1916 ὃν
1867 1864 1978 1932 ἔχει

188 1971 250 2012 20
283 1957 343 2009 τὸ
383 1957 449 2007 Η
487 1954 625 2023 πρὸς
662 1954 724 2006 τὸ
767 1958 845 2020 Δ,
901 1948 1023 2006 ἀλλ’
1073 1949 1101 2006 5
1151 1950 1254 2022 μὲν
1300 1954 1402 2006 τοῦ
1451 1955 1503 2005 Γ
1548 1954 1686 2022 πρὸς
1730 1953 1792 2006 τὸ
1839 1955 1901 2005 Η
1945 1946 1976 2005 5

284 2040 455 2106 αὐτὸς
502 2043 728 2111 ἐδείχθη
776 2042 852 2115 τῷ
900 2043 1002 2095 τοῦ
1050 2047 1103 2094 Α
1157 2043 1295 2111 πρὸς
1341 2044 1402 2095 τὸ
1450 2045 1523 2110 Β,
1582 2037 1611 2095 5
1661 2039 1724 2095 δὲ
1768 2041 1870 2094 τοῦ
1921 2043 1984 2093 Η

282 2134 421 2201 πρὸς
458 2133 520 2185 τὸ
564 2136 616 2184 A
657 2129 716 2183 ἐκ
754 2131 856 2183 τοῦ
894 2125 1174 2185 ἀνάπαλιν
1215 2126 1245 2183 5
1285 2127 1452 2194 αὐτός
1492 2129 1641 2183 ἐστιν
1678 2131 1754 2204 τῷ
1794 2130 1896 2182 τοῦ
1931 2132 1978 2182 Ζ

284 2223 420 2291 πρὸς
458 2221 520 2273 τὸ
554 2224 620 2288 Ε,
660 2217 750 2272 καὶ
789 2220 852 2272 τὸ
886 2222 939 2271 Γ
969 2215 1079 2289 ἄρα
1119 2217 1257 2288 πρὸς
1287 2215 1350 2272 τὸ
1384 2223 1439 2272 A
1477 2220 1576 2272 τὸν
1617 2217 1977 2288 συνημμένον

286 2308 458 2378 λόγον
498 2311 607 2378 ἔχει
649 2310 708 2360 ἐκ
745 2327 802 2360 τε
840 2308 942 2361 τοῦ
984 2302 1053 2360 ὃν
1094 2310 1203 2377 ἔχει
1243 2309 1303 2361 τὸ
1346 2314 1397 2360 Α
1435 2308 1572 2377 πρὸς
1607 2308 1669 2360 τὸ
1702 2310 1748 2359 Β
1787 2304 1880 2360 καὶ
1921 2305 1975 2370 ἐξ

195 2411 255 2452 25
289 2390 357 2452 οὗ
397 2393 465 2451 ὃν
506 2399 614 2466 ἔχει
653 2397 714 2448 τὸ
758 2400 802 2448 Ζ
841 2398 978 2466 πρὸς
1015 2397 1077 2449 τὸ
1118 2400 1180 2450 Ε.

398 2498 473 2571 η’.
512 2499 693 2553 ’Έστω
735 2496 840 2552 δύο
873 2496 1426 2569 παραλληλόγραμμα
1456 2498 1524 2553 τὰ
1558 2504 1612 2552 Α
1623 2502 1686 2566 Γ,
1710 2502 1766 2551 A
1777 2501 1822 2551 Z
1863 2498 1977 2551 ἰσο-

287 2587 465 2660 γώνια
512 2593 640 2658 ἴσην
689 2590 885 2657 ἔχοντα
931 2587 1036 2657 τὴν
1084 2592 1130 2640 Β
1178 2591 1393 2658 γωνίαν
1439 2589 1503 2659 τῇ
1546 2592 1598 2640 Ε
1639 2589 1837 2659 γωνίᾳ·
1893 2582 1978 2639 ὅτι

288 2682 524 2748 γίνεται,
565 2672 641 2740 ὡς
678 2677 739 2730 τὸ
779 2671 888 2729 ὑπὸ
929 2680 1101 2730 ΑΒΓ
1133 2679 1271 2748 πρὸς
1308 2678 1370 2731 τὸ
1410 2672 1518 2730 ὑπὸ
1558 2679 1754 2744 ΔΕΖ,
1801 2671 1979 2737 οὕτως

410 2874 450 2915 2.
485 2864 754 2938 ἀμφότερα]
790 2861 1016 2921 ἑκάτερον
1049 2865 1266 2912 Hultsch.
1403 2870 1471 2911 13.
1506 2866 1570 2924 A]
1604 2881 1656 2909 το
1693 2870 1733 2908 A
1762 2862 1978 2909 Hultsch.

354 2933 421 2973 14
458 2929 511 2986 Z]
545 2924 596 2971 τὸ
632 2930 664 2970 Ζ
696 2924 896 2969 Hultseh
928 2939 1033 2969 cum
1066 2925 1265 2971 Halleio.
