2046 3256
421 155 595 197 PAPPI
624 155 914 197 LEMMATA
943 157 1008 198 ΙΝ
1040 155 1235 199 como,
1267 158 1380 200 LIB.
1413 157 1573 201 I-IV.
1732 133 1837 207 155

151 270 288 345 ἥπερ
327 269 362 343 ἡ
402 277 507 327 ΕΖ
544 269 684 343 πρὸς
715 277 841 341 ΖΔ,
883 278 973 342 ἴση
1016 272 1076 327 δὲ
1116 276 1253 327 ἔστω
1294 270 1327 343 ἡ
1361 277 1414 327 Γ
1447 276 1625 344 γωνιά
1663 276 1728 346 τῇ
1770 281 1837 329 Ζ·

120 378 122 380 “
154 359 238 416 ὅτι
276 360 444 415 πάλιν
484 364 696 430 γίνεται
736 358 987 414 ἐλάσσων
1026 358 1059 430 ἡ
1093 367 1139 414 Β
1179 365 1356 430 γωνία
1394 364 1490 432 τῆς
1531 368 1582 415 Ε
1617 366 1837 431 γωνίας.

262 448 377 503 ἐπεὶ
417 446 524 519 γὰρ
564 444 597 518 ἡ
633 451 742 502 ΒΓ
773 449 911 517 πρὸς
941 452 994 502 Γ
989 454 1042 502 Α
1080 453 1302 518 μείζονα
1341 449 1512 520 λόγον
1553 453 1660 520 ἔχει
1696 448 1835 522 ἤπερ

150 533 183 606 ἡ
223 541 328 592 ΕΖ
375 535 514 607 πρὸς
563 541 699 606 ΖΔ,
754 536 854 590 ἐὰν
901 533 1010 608 ἄρα
1055 540 1222 606 ποιῶ,
1280 534 1354 602 ὡς
1399 535 1501 608 τὴν
1545 543 1656 592 ΒΓ
1701 536 1838 608 πρὸς

664 664 671 667 -
768 646 807 683 Δ
1031 624 1132 695 τὴν
1173 630 1298 695 ΓΑ,
1356 623 1530 690 οὕτως
1582 623 1685 695 τὴν
1732 631 1836 679 ΕΖ
1899 637 1924 675 5

420 745 478 787 A
1031 712 1170 786 πρός
1237 734 1396 783 τινα,
1473 717 1624 768 ἔσται
1697 711 1837 784 πρὸς

150 847 152 850 -
365 815 416 976 ἶ
452 813 471 975 i
1016 801 1306 857 -ἐλοὲσσονα
1351 804 1447 870 τῆς
1492 807 1604 854 ΖΔ
1661 802 1836 868 [Eucl.

1032 891 1097 961 V,
1124 893 1231 958 10].
1273 892 1408 944 ἔστω
1434 888 1570 958 πρὸς
1593 886 1694 958 τὴν
1714 894 1835 958 ZH,

167 948 210 985 B
517 948 610 1012 ΓΕ
919 953 958 992 Z
1033 978 1125 1032 καὶ
1157 976 1466 1047 ἐπεζεύχθω
1499 975 1532 1046 ἡ
1560 980 1689 1031 ΕΗ.
1745 976 1836 1030 καὶ

150 1067 276 1139 περὶ
316 1074 438 1132 ἴσας
475 1073 684 1138 γωνίας
722 1065 1002 1138 ἀνάλογόν
1043 1069 1184 1121 εἰσιν
1217 1067 1276 1119 αἱ
1305 1068 1560 1135 πλευραί·
1603 1071 1693 1134 ἴση
1727 1063 1835 1135 ἄρα
1870 1075 1925 1114 10

149 1154 299 1210 ἐστὶν
331 1152 365 1226 ἡ
398 1161 445 1210 Β
487 1161 666 1225 γωνία
704 1164 770 1229 τῇ
801 1153 910 1211 ὑπὸ
943 1160 1120 1210 ΖΕΗ
1154 1156 1324 1222 [Eucl.
1351 1155 1443 1224 VI,
1476 1156 1532 1221 6]
1576 1152 1836 1207 ἐλάσσονι

148 1242 290 1316 οὔσῃ
329 1246 426 1313 τῆς
464 1249 527 1298 Ε.

260 1330 322 1397 ζ’.
378 1331 558 1385 ’Έστω
615 1330 780 1402 ὅμοια
833 1336 1077 1404 τρίγωνα
1130 1329 1197 1386 τὰ
1252 1334 1441 1399 ΑΒΓ,
1487 1335 1680 1399 ΔΕΖ,
1742 1329 1835 1383 καὶ

149 1419 476 1491 διήχθωσαν
508 1421 568 1474 αἱ
596 1426 732 1490 ΑΗ,
757 1426 867 1475 ΔΘ
907 1418 1099 1489 οὕτως,
1141 1417 1279 1474 ὥστε
1321 1415 1483 1487 εἶναι,
1525 1415 1599 1481 ὡς
1630 1415 1690 1471 τὸ
1726 1413 1834 1471 ὑπὸ

148 1512 323 1562 ΒΓΗ
353 1505 493 1577 πρὸς
529 1506 591 1563 τὸ
631 1505 738 1562 ἀπὸ
770 1513 888 1578 ΓΑ,
930 1506 1106 1572 οὕτως
1142 1506 1204 1562 τὸ
1245 1503 1355 1561 ὑπὸ
1395 1511 1555 1560 ΕΖΘ
1594 1505 1733 1577 πρὸς
1770 1503 1832 1559 τὸ
1870 1513 1924 1553 15

148 1594 257 1650 ἀπὸ
300 1600 430 1648 ΖΛ·
487 1593 574 1649 ὅτι
613 1599 825 1665 γίνεται
866 1595 1064 1667 ὅμοιον
1103 1595 1194 1650 καὶ
1233 1593 1294 1649 τὸ
1337 1598 1520 1648 ΑΗΓ
1557 1597 1834 1664 τρίγωνον

149 1686 223 1756 τῷ
264 1688 430 1736 ΑΘΖ
469 1682 736 1757 τριγώνῳ.

260 1769 374 1825 ἐπεὶ
412 1769 517 1843 γάρ
559 1771 726 1842 ἐστιν,
768 1769 843 1836 ὡς
881 1774 942 1826 τὸ
978 1769 1088 1826 ὑπὸ
1122 1775 1298 1826 ΒΓΗ
1328 1772 1465 1841 πρὸς
1494 1770 1555 1824 τὸ
1585 1765 1691 1823 ἀπὸ
1717 1772 1834 1837 ΓΑ,

150 1855 326 1922 οὕτως
363 1861 424 1914 τὸ
463 1855 571 1914 ὑπὸ
606 1865 765 1915 ΕΖΘ
802 1863 939 1932 πρὸς
971 1862 1031 1915 τὸ
1065 1857 1170 1914 ἀπὸ
1206 1864 1331 1928 ΖΛ,
1371 1855 1492 1912 ἀλλ’
1532 1854 1560 1911 ὁ
1602 1855 1701 1926 μὲν
1733 1858 1834 1910 τοῦ

408 1986 459 2023 A
638 1948 744 2002 ὑπὸ
778 1953 951 2003 ΒΓΗ
982 1951 1116 2019 πρὸς
1147 1950 1208 2002 τὸ
1241 1946 1347 2001 ἀπὸ
1378 1950 1478 2000 ΓΑ
1507 1943 1673 2015 λόγος
1705 1960 1835 1998 συν·
1868 1955 1924 1994 20

638 2038 804 2105 ἧπται
845 2040 903 2090 ἔκ
949 2056 1007 2090 τε
1051 2044 1152 2090 τοῦ
1201 2031 1268 2089 ὃν
1317 2039 1423 2105 ἔχει
1471 2031 1505 2104 ἡ
1553 2037 1662 2087 ΒΓ
1700 2035 1836 2102 πρὸς

640 2127 739 2177 ΓΑ
785 2124 877 2178 καὶ
921 2126 1022 2178 τοῦ
1059 2126 1156 2192 τῆς
1195 2126 1313 2176 ΗΓ
1352 2125 1488 2192 πρὸς
1527 2126 1653 2190 ΓΑ,
1704 2118 1732 2174 ὁ
1775 2119 1837 2174 δὲ

159 2033 509 2304 BAE
638 2213 739 2266 τοῦ
777 2208 885 2266 ὑπὸ
926 2216 1086 2265 ΕΖΘ
1131 2213 1266 2281 πρὸς
1304 2211 1365 2264 τὸ
1407 2207 1512 2263 ἀπὸ
1555 2213 1664 2261 ΖΔ
1704 2223 1835 2262 συν-

354 2299 410 2335 ff
507 2271 561 2307 Γ
639 2302 803 2370 ἧπται
844 2302 902 2353 ἔκ
933 2319 989 2353 τε
1020 2300 1121 2353 τοῦ
1159 2300 1255 2368 τῆς
1285 2303 1390 2352 ΕΖ
1428 2298 1565 2368 πρὸς
1597 2301 1706 2349 ΖΔ
1744 2294 1835 2349 καὶ

470 2388 512 2422 Δ
639 2389 740 2442 τοῦ
780 2390 876 2456 τῆς
915 2391 1016 2440 ΘΖ
1055 2389 1192 2457 πρὸς
1225 2392 1358 2455 ΖΔ,
1406 2377 1486 2440 ὧν
1528 2380 1557 2438 ὁ
1598 2386 1693 2452 τῆς
1732 2386 1842 2436 ΒΓ
1866 2393 1923 2432 25

400 2444 513 2632 is&
639 2478 775 2544 πρὸς
813 2479 912 2528 ΓΑ
952 2471 1116 2548 λόγος
1157 2471 1184 2528 ὁ
1228 2471 1395 2537 αὐτός
1434 2473 1582 2527 ἐστιν
1621 2473 1696 2544 τῷ
1740 2472 1836 2539 τῆς

258 2600 317 2643 E
447 2636 451 2639 ῃ
545 2608 589 2646 Z
641 2567 743 2615 EZ
790 2564 928 2630 πρὸς
970 2566 1080 2616 ΖΛ
1128 2563 1299 2629 [Eucl.
1340 2562 1443 2631 VI,
1481 2563 1537 2627 4]
1593 2557 1684 2611 διὰ
1731 2556 1835 2626 τὴν

421 2639 457 2680 (9³
642 2647 936 2718 ὁμοιότητα
978 2651 1090 2702 τῶν
1128 2647 1444 2719 τριγώνων,
1492 2648 1688 2700 λοιπὸν
1727 2643 1835 2714 ἄρα

155 2734 184 2791 ὁ
226 2743 320 2806 τῆς
353 2741 471 2790 ΗΓ
501 2738 638 2807 πρὸς
670 2740 769 2790 ΓΑ
808 2733 973 2804 λόγος
1012 2732 1041 2789 ὁ
1083 2732 1249 2799 αὐτός
1289 2736 1437 2790 ἐστιν
1484 2736 1557 2807 τῷ
1598 2735 1693 2802 τῆς
1733 2738 1835 2787 ΘΖ

154 2826 290 2903 πρὸς
320 2829 452 2902 νΖΔ.
529 2823 618 2878 καὶ
667 2823 791 2894 περὶ
839 2829 962 2886 ἴσας
1005 2827 1231 2892 γωνίας·
1285 2821 1481 2891 ὅμοιον
1529 2821 1637 2888 ἄρα
1685 2820 1833 2875 ἐστὶν
1867 2831 1923 2870 30

156 2914 216 2965 τὸ
248 2916 421 2966 ΑΓΗ
457 2915 733 2983 τρίγωνον
773 2913 846 2983 τῷ
888 2916 1052 2964 ΔΖΘ
1090 2908 1340 2982 τριγώνῳ
1382 2911 1551 2977 [Eucl.
1583 2909 1677 2975 VI,
1710 2911 1782 2976 6].
