<?xml version="1.0" encoding="UTF-8"?>
<!DOCTYPE html PUBLIC "-//W3C//DTD XHTML 1.0 Transitional//EN"
    "http://www.w3.org/TR/xhtml1/DTD/xhtml1-transitional.dtd">
<html xmlns="http://www.w3.org/1999/xhtml" xml:lang="en" lang="en">
 <head>
  <title>
</title>
<meta http-equiv="Content-Type" content="text/html;charset=utf-8" />
  <meta name='ocr-system' content='tesseract 3.04.00' />
  <meta name='ocr-capabilities' content='ocr_page ocr_carea ocr_par ocr_line ocrx_word'/>
</head>
<body>
  <div class='ocr_page' id='page_1' title='image "apolloniipergaei02apoluoft_0390.png"; bbox 0 0 2020 3236; ppageno 0'>
   <div class='ocr_carea' id='block_1_1' title="bbox 256 132 1476 189">
    <p class='ocr_par' dir='ltr' id='par_1_1' title="bbox 256 132 1476 189">
     <span class='ocr_line' id='line_1_1' title="bbox 256 132 1476 189; baseline -0.011 0"><span class='ocrx_word' id='word_1_1' title='bbox 256 135 366 189; x_wconf 86' lang='grc'><strong><em>298</em></strong></span> <span class='ocrx_word' id='word_1_2' title='bbox 727 133 1165 179; x_wconf 75' lang='grc' dir='ltr'><strong><em>οοΜΜΕΝΤΑΒΙΑ</em></strong></span> <span class='ocrx_word' id='word_1_3' title='bbox 1193 132 1476 186; x_wconf 69' lang='lat' dir='ltr'><strong><em>mmm.</em></strong></span> 
     </span>
    </p>
   </div>
   <div class='ocr_carea' id='block_1_2' title="bbox 198 249 1954 682">
    <p class='ocr_par' dir='ltr' id='par_1_2' title="bbox 198 249 1954 682">
     <span class='ocr_line' id='line_1_2' title="bbox 256 249 1950 326; baseline -0.003 -16"><span class='ocrx_word' id='word_1_4' title='bbox 256 257 354 326; x_wconf 91' lang='grc' dir='ltr'><strong><em>τῆς</em></strong></span> <span class='ocrx_word' id='word_1_5' title='bbox 376 256 550 326; x_wconf 83' lang='grc' dir='ltr'><strong><em>τομῆς</em></strong></span> <span class='ocrx_word' id='word_1_6' title='bbox 573 251 667 308; x_wconf 84' lang='grc' dir='ltr'><strong><em>καὶ</em></strong></span> <span class='ocrx_word' id='word_1_7' title='bbox 685 254 764 318; x_wconf 83' lang='grc' dir='ltr'><strong><em>εἰς</em></strong></span> <span class='ocrx_word' id='word_1_8' title='bbox 781 254 1012 308; x_wconf 82' lang='grc' dir='ltr'><strong><em>ἔλαττον</em></strong></span> <span class='ocrx_word' id='word_1_9' title='bbox 1036 250 1313 323; x_wconf 78' lang='grc' dir='ltr'><strong><em>διάστημα</em></strong></span> <span class='ocrx_word' id='word_1_10' title='bbox 1336 250 1544 317; x_wconf 88' lang='grc' dir='ltr'><strong><em>παντὸς</em></strong></span> <span class='ocrx_word' id='word_1_11' title='bbox 1558 251 1662 307; x_wconf 86' lang='grc' dir='ltr'><strong><em>τοῦ</em></strong></span> <span class='ocrx_word' id='word_1_12' title='bbox 1679 249 1950 315; x_wconf 77' lang='grc' dir='ltr'><strong><em>δοθέντος</em></strong></span> 
     </span>
     <span class='ocr_line' id='line_1_3' title="bbox 257 338 1952 415; baseline -0.002 -17"><span class='ocrx_word' id='word_1_13' title='bbox 257 341 655 415; x_wconf 84' lang='grc' dir='ltr'><strong><em>ἀφικνοῦνται,</em></strong></span> <span class='ocrx_word' id='word_1_14' title='bbox 697 344 758 397; x_wconf 78' lang='grc' dir='ltr'><strong><em>αἱ</em></strong></span> <span class='ocrx_word' id='word_1_15' title='bbox 787 340 850 397; x_wconf 74' lang='grc' dir='ltr'><strong><em>δὲ</em></strong></span> <span class='ocrx_word' id='word_1_16' title='bbox 882 345 1059 396; x_wconf 90' lang='grc' dir='ltr'><strong><em>ΕΖΗ</em></strong></span> <span class='ocrx_word' id='word_1_17' title='bbox 1088 339 1228 396; x_wconf 83' lang='grc' dir='ltr'><strong><em>κατὰ</em></strong></span> <span class='ocrx_word' id='word_1_18' title='bbox 1260 339 1363 412; x_wconf 75' lang='grc' dir='ltr'><strong><em>μὲν</em></strong></span> <span class='ocrx_word' id='word_1_19' title='bbox 1394 343 1456 397; x_wconf 93' lang='grc' dir='ltr'><strong><em>τὸ</em></strong></span> <span class='ocrx_word' id='word_1_20' title='bbox 1488 345 1534 395; x_wconf 96' lang='grc' dir='ltr'>Ζ</span> <span class='ocrx_word' id='word_1_21' title='bbox 1564 339 1657 396; x_wconf 86' lang='grc' dir='ltr'><strong><em>καὶ</em></strong></span> <span class='ocrx_word' id='word_1_22' title='bbox 1687 338 1755 395; x_wconf 84' lang='grc' dir='ltr'><strong><em>τὰ</em></strong></span> <span class='ocrx_word' id='word_1_23' title='bbox 1788 340 1952 411; x_wconf 83' lang='grc' dir='ltr'><strong><em>ἐγγὺς</em></strong></span> 
     </span>
     <span class='ocr_line' id='line_1_4' title="bbox 258 426 1952 501; baseline -0.002 -13"><span class='ocrx_word' id='word_1_24' title='bbox 258 432 437 489; x_wconf 85' lang='grc' dir='ltr'><strong><em>αὐτοῦ</em></strong></span> <span class='ocrx_word' id='word_1_25' title='bbox 470 431 627 497; x_wconf 86' lang='grc' dir='ltr'><strong><em>ἐντὸς</em></strong></span> <span class='ocrx_word' id='word_1_26' title='bbox 659 429 798 487; x_wconf 80' lang='grc' dir='ltr'><strong><em>ὅντα</em></strong></span> <span class='ocrx_word' id='word_1_27' title='bbox 827 432 927 501; x_wconf 90' lang='grc' dir='ltr'><strong><em>τῆς</em></strong></span> <span class='ocrx_word' id='word_1_28' title='bbox 956 433 1166 501; x_wconf 77' lang='grc' dir='ltr'><em>γωνίας</em></span> <span class='ocrx_word' id='word_1_29' title='bbox 1196 426 1473 500; x_wconf 84' lang='grc' dir='ltr'><strong><em>σύνεγγύς</em></strong></span> <span class='ocrx_word' id='word_1_30' title='bbox 1503 431 1612 485; x_wconf 85' lang='grc' dir='ltr'><strong><em>εἰσι</em></strong></span> <span class='ocrx_word' id='word_1_31' title='bbox 1641 431 1741 500; x_wconf 89' lang='grc' dir='ltr'><strong><em>τῆς</em></strong></span> <span class='ocrx_word' id='word_1_32' title='bbox 1761 429 1952 500; x_wconf 83' lang='grc' dir='ltr'><strong><em>τομῆς,</em></strong></span> 
     </span>
     <span class='ocr_line' id='line_1_5' title="bbox 258 516 1954 592; baseline -0.002 -16"><span class='ocrx_word' id='word_1_33' title='bbox 258 522 619 592; x_wconf 80' lang='grc' dir='ltr'><strong><em>ἐκβληθεῖσαι</em></strong></span> <span class='ocrx_word' id='word_1_34' title='bbox 651 518 714 575; x_wconf 77' lang='grc' dir='ltr'><strong><em>δὲ</em></strong></span> <span class='ocrx_word' id='word_1_35' title='bbox 751 516 1085 591; x_wconf 81' lang='grc' dir='ltr'><strong><em>ἀφίστανται</em></strong></span> <span class='ocrx_word' id='word_1_36' title='bbox 1121 521 1219 589; x_wconf 89' lang='grc' dir='ltr'><strong><em>τῆς</em></strong></span> <span class='ocrx_word' id='word_1_37' title='bbox 1256 519 1427 590; x_wconf 81' lang='grc' dir='ltr'><strong><em>τομῆς</em></strong></span> <span class='ocrx_word' id='word_1_38' title='bbox 1465 520 1701 589; x_wconf 78' lang='grc' dir='ltr'><strong><em>μᾶλλον·</em></strong></span> <span class='ocrx_word' id='word_1_39' title='bbox 1746 518 1954 582; x_wconf 88' lang='grc' dir='ltr'><strong><em>παντὸς</em></strong></span> 
     </span>
     <span class='ocr_line' id='line_1_6' title="bbox 198 604 1951 682; baseline 0 -20"><span class='ocrx_word' id='word_1_40' title='bbox 198 622 225 662; x_wconf 85' lang='grc'>5</span> <span class='ocrx_word' id='word_1_41' title='bbox 257 608 364 682; x_wconf 81' lang='grc' dir='ltr'><strong><em>γὰρ</em></strong></span> <span class='ocrx_word' id='word_1_42' title='bbox 403 612 507 666; x_wconf 86' lang='grc' dir='ltr'><strong><em>τοῦ</em></strong></span> <span class='ocrx_word' id='word_1_43' title='bbox 541 609 829 680; x_wconf 82' lang='grc' dir='ltr'><strong><em>δοθέντος,</em></strong></span> <span class='ocrx_word' id='word_1_44' title='bbox 871 604 900 664; x_wconf 84' lang='grc' dir='ltr'>ὃ</span> <span class='ocrx_word' id='word_1_45' title='bbox 934 616 1045 664; x_wconf 84' lang='grc' dir='ltr'><strong><em>νῦν</em></strong></span> <span class='ocrx_word' id='word_1_46' title='bbox 1074 605 1473 679; x_wconf 78' lang='grc' dir='ltr'><strong><em>ἀφεστήκασιν,</em></strong></span> <span class='ocrx_word' id='word_1_47' title='bbox 1513 610 1664 663; x_wconf 82' lang='grc' dir='ltr'><strong><em>ἔστιν</em></strong></span> <span class='ocrx_word' id='word_1_48' title='bbox 1697 609 1951 662; x_wconf 81' lang='grc' dir='ltr'><strong><em>ἔλασσον.</em></strong></span> 
     </span>
    </p>
   </div>
   <div class='ocr_carea' id='block_1_3' title="bbox 796 719 1930 820">
    <p class='ocr_par' dir='ltr' id='par_1_3' title="bbox 796 719 1930 820">
     <span class='ocr_line' id='line_1_7' title="bbox 796 719 1766 768; baseline -0.009 0"><span class='ocrx_word' id='word_1_49' title='bbox 796 729 848 768; x_wconf 80' lang='grc' dir='ltr'><strong><em>Ε</em></strong></span> <span class='ocrx_word' id='word_1_50' title='bbox 1716 719 1766 759; x_wconf 80' lang='grc' dir='ltr'><em>Γ</em></span> 
     </span>
     <span class='ocr_line' id='line_1_8' title="bbox 1333 773 1930 820; baseline 0 0"><span class='ocrx_word' id='word_1_51' title='bbox 1333 773 1377 812; x_wconf 79' lang='grc' dir='ltr'><strong><em>Ζ</em></strong></span> <span class='ocrx_word' id='word_1_52' title='bbox 1876 779 1930 820; x_wconf 82' lang='lat' dir='ltr'><strong><em>E&#39;</em></strong></span> 
     </span>
    </p>
   </div>
   <div class='ocr_carea' id='block_1_4' title="bbox 1393 944 1426 983">
    <p class='ocr_par' dir='ltr' id='par_1_4' title="bbox 1393 944 1426 983">
     <span class='ocr_line' id='line_1_9' title="bbox 1393 944 1426 983; baseline 0 0"><span class='ocrx_word' id='word_1_53' title='bbox 1393 944 1426 983; x_wconf 75' lang='grc' dir='ltr'><strong><em>θ</em></strong></span> 
     </span>
    </p>
   </div>
   <div class='ocr_carea' id='block_1_5' title="bbox 160 1254 1949 2712">
    <p class='ocr_par' dir='ltr' id='par_1_5' title="bbox 819 1254 1665 1340">
     <span class='ocr_line' id='line_1_10' title="bbox 819 1254 1665 1340; baseline 0.001 0"><span class='ocrx_word' id='word_1_54' title='bbox 819 1299 879 1340; x_wconf 77' lang='lat' dir='ltr'><em>ff</em></span> <span class='ocrx_word' id='word_1_55' title='bbox 943 1254 984 1292; x_wconf 77' lang='grc' dir='ltr'><em>Δ</em></span> <span class='ocrx_word' id='word_1_56' title='bbox 1623 1275 1665 1311; x_wconf 78' lang='grc' dir='ltr'><em>Δ</em></span> 
     </span>
    </p>

    <p class='ocr_par' dir='ltr' id='par_1_6' title="bbox 364 1383 1949 1458">
     <span class='ocr_line' id='line_1_11' title="bbox 364 1383 1949 1458; baseline 0.001 -18"><span class='ocrx_word' id='word_1_57' title='bbox 364 1389 613 1441; x_wconf 81' lang='grc' dir='ltr'><strong><em>ἔστωσαν</em></strong></span> <span class='ocrx_word' id='word_1_58' title='bbox 648 1384 718 1456; x_wconf 85' lang='grc' dir='ltr'><strong><em>δὴ</em></strong></span> <span class='ocrx_word' id='word_1_59' title='bbox 741 1383 930 1456; x_wconf 74' lang='grc' dir='ltr'><strong><em>πάλιν,</em></strong></span> <span class='ocrx_word' id='word_1_60' title='bbox 963 1387 1037 1450; x_wconf 82' lang='grc' dir='ltr'><strong><em>ὡς</em></strong></span> <span class='ocrx_word' id='word_1_61' title='bbox 1061 1385 1148 1441; x_wconf 85' lang='grc' dir='ltr'><strong><em>ἐπὶ</em></strong></span> <span class='ocrx_word' id='word_1_62' title='bbox 1171 1394 1270 1457; x_wconf 83' lang='grc' dir='ltr'><strong><em>τῆς</em></strong></span> <span class='ocrx_word' id='word_1_63' title='bbox 1292 1385 1551 1458; x_wconf 76' lang='grc' dir='ltr'><strong><em>τετάρτης</em></strong></span> <span class='ocrx_word' id='word_1_64' title='bbox 1572 1390 1949 1458; x_wconf 78' lang='grc' dir='ltr'><strong><em>καταγραφῆς,</em></strong></span> 
     </span>
    </p>

    <p class='ocr_par' dir='ltr' id='par_1_7' title="bbox 252 1471 1948 1546">
     <span class='ocr_line' id='line_1_12' title="bbox 252 1471 1948 1546; baseline 0.002 -18"><span class='ocrx_word' id='word_1_65' title='bbox 252 1471 606 1544; x_wconf 85' lang='grc' dir='ltr'><strong><em>ἀσύμπτωτοι</em></strong></span> <span class='ocrx_word' id='word_1_66' title='bbox 654 1475 716 1527; x_wconf 76' lang='grc' dir='ltr'><strong><em>αἱ</em></strong></span> <span class='ocrx_word' id='word_1_67' title='bbox 751 1479 873 1544; x_wconf 88' lang='grc' dir='ltr'><strong><em>ΕΖ,</em></strong></span> <span class='ocrx_word' id='word_1_68' title='bbox 908 1479 1040 1528; x_wconf 89' lang='grc' dir='ltr'><strong><em>ΖΗ·</em></strong></span> <span class='ocrx_word' id='word_1_69' title='bbox 1089 1472 1341 1546; x_wconf 87' lang='grc' dir='ltr'><strong><em>φανερὸν</em></strong></span> <span class='ocrx_word' id='word_1_70' title='bbox 1384 1474 1452 1546; x_wconf 86' lang='grc' dir='ltr'><strong><em>δὴ</em></strong></span> <span class='ocrx_word' id='word_1_71' title='bbox 1492 1474 1586 1530; x_wconf 82' lang='grc' dir='ltr'><strong><em>καὶ</em></strong></span> <span class='ocrx_word' id='word_1_72' title='bbox 1626 1473 1820 1545; x_wconf 80' lang='grc' dir='ltr'><strong><em>οὕτως,</em></strong></span> <span class='ocrx_word' id='word_1_73' title='bbox 1862 1474 1948 1531; x_wconf 82' lang='grc' dir='ltr'><strong><em>ὅτι</em></strong></span> 
     </span>
    </p>

    <p class='ocr_par' dir='ltr' id='par_1_8' title="bbox 250 1560 1947 1635">
     <span class='ocr_line' id='line_1_13' title="bbox 250 1560 1947 1635; baseline 0.002 -19"><span class='ocrx_word' id='word_1_74' title='bbox 250 1560 284 1633; x_wconf 79' lang='grc' dir='ltr'><em>ἡ</em></span> <span class='ocrx_word' id='word_1_75' title='bbox 326 1562 428 1634; x_wconf 78' lang='grc' dir='ltr'><strong><em>μὲν</em></strong></span> <span class='ocrx_word' id='word_1_76' title='bbox 468 1566 575 1617; x_wconf 90' lang='grc' dir='ltr'><strong><em>ΓΑ</em></strong></span> <span class='ocrx_word' id='word_1_77' title='bbox 615 1561 806 1633; x_wconf 82' lang='grc' dir='ltr'><strong><em>ἔγγιόν</em></strong></span> <span class='ocrx_word' id='word_1_78' title='bbox 848 1563 963 1617; x_wconf 86' lang='grc' dir='ltr'><strong><em>ἐστι</em></strong></span> <span class='ocrx_word' id='word_1_79' title='bbox 1002 1564 1098 1633; x_wconf 92' lang='grc' dir='ltr'><strong><em>τῆς</em></strong></span> <span class='ocrx_word' id='word_1_80' title='bbox 1137 1565 1307 1634; x_wconf 90' lang='grc' dir='ltr'><strong><em>τομῆς</em></strong></span> <span class='ocrx_word' id='word_1_81' title='bbox 1344 1560 1483 1635; x_wconf 80' lang='grc' dir='ltr'><strong><em>ἥπερ</em></strong></span> <span class='ocrx_word' id='word_1_82' title='bbox 1523 1562 1558 1634; x_wconf 80' lang='grc' dir='ltr'><em>ἡ</em></span> <span class='ocrx_word' id='word_1_83' title='bbox 1593 1569 1717 1634; x_wconf 90' lang='grc' dir='ltr'><strong><em>ΕΖ,</em></strong></span> <span class='ocrx_word' id='word_1_84' title='bbox 1757 1563 1857 1620; x_wconf 81' lang='grc' dir='ltr'><strong><em>ἑάν</em></strong></span> <span class='ocrx_word' id='word_1_85' title='bbox 1889 1586 1947 1620; x_wconf 92' lang='grc' dir='ltr'><strong><em>τε</em></strong></span> 
     </span>
    </p>

    <p class='ocr_par' dir='ltr' id='par_1_9' title="bbox 249 1649 1947 1725">
     <span class='ocr_line' id='line_1_14' title="bbox 249 1649 1947 1725; baseline 0.002 -20"><span class='ocrx_word' id='word_1_86' title='bbox 249 1649 283 1721; x_wconf 84' lang='grc' dir='ltr'><em>ἡ</em></span> <span class='ocrx_word' id='word_1_87' title='bbox 308 1657 411 1706; x_wconf 90' lang='grc' dir='ltr'><strong><em>ΕΖ</em></strong></span> <span class='ocrx_word' id='word_1_88' title='bbox 435 1653 500 1722; x_wconf 79' lang='grc' dir='ltr'><strong><em>τῇ</em></strong></span> <span class='ocrx_word' id='word_1_89' title='bbox 520 1654 574 1705; x_wconf 94' lang='grc' dir='ltr'>Γ</span> <span class='ocrx_word' id='word_1_90' title='bbox 574 1657 628 1705; x_wconf 90' lang='grc' dir='ltr'><em>Α</em></span> <span class='ocrx_word' id='word_1_91' title='bbox 652 1649 1006 1724; x_wconf 79' lang='grc' dir='ltr'><strong><em>παράλληλός</em></strong></span> <span class='ocrx_word' id='word_1_92' title='bbox 1031 1653 1200 1722; x_wconf 88' lang='grc' dir='ltr'><strong><em>ἐστιν,</em></strong></span> <span class='ocrx_word' id='word_1_93' title='bbox 1227 1650 1326 1707; x_wconf 79' lang='grc' dir='ltr'><strong><em>ἐάν</em></strong></span> <span class='ocrx_word' id='word_1_94' title='bbox 1350 1674 1409 1707; x_wconf 92' lang='grc' dir='ltr'><strong><em>τε</em></strong></span> <span class='ocrx_word' id='word_1_95' title='bbox 1434 1656 1714 1725; x_wconf 79' lang='grc' dir='ltr'><strong><em>συμπίπτῃ</em></strong></span> <span class='ocrx_word' id='word_1_96' title='bbox 1739 1655 1806 1725; x_wconf 82' lang='grc' dir='ltr'><strong><em>τῇ</em></strong></span> <span class='ocrx_word' id='word_1_97' title='bbox 1824 1657 1878 1708; x_wconf 93' lang='grc' dir='ltr'>Γ</span> <span class='ocrx_word' id='word_1_98' title='bbox 1879 1661 1947 1710; x_wconf 91' lang='grc' dir='ltr'><strong><em>Α.</em></strong></span> 
     </span>
    </p>

    <p class='ocr_par' dir='ltr' id='par_1_10' title="bbox 162 1734 1948 1813">
     <span class='ocr_line' id='line_1_15' title="bbox 162 1734 1948 1813; baseline 0.002 -19"><span class='ocrx_word' id='word_1_99' title='bbox 162 1753 218 1794; x_wconf 91' lang='grc'><strong><em>10</em></strong></span> <span class='ocrx_word' id='word_1_100' title='bbox 249 1740 342 1795; x_wconf 83' lang='grc' dir='ltr'><strong><em>καὶ</em></strong></span> <span class='ocrx_word' id='word_1_101' title='bbox 383 1739 481 1795; x_wconf 81' lang='grc' dir='ltr'><strong><em>ἐὰν</em></strong></span> <span class='ocrx_word' id='word_1_102' title='bbox 522 1739 624 1811; x_wconf 72' lang='grc' dir='ltr'><strong><em>μὲν·</em></strong></span> <span class='ocrx_word' id='word_1_103' title='bbox 664 1737 698 1810; x_wconf 78' lang='grc' dir='ltr'>ἡ</span> <span class='ocrx_word' id='word_1_104' title='bbox 743 1738 1061 1811; x_wconf 84' lang='grc' dir='ltr'><strong><em>σύμπτωσις</em></strong></span> <span class='ocrx_word' id='word_1_105' title='bbox 1099 1738 1385 1809; x_wconf 73' lang='grc' dir='ltr'><strong><em>ἀνώτερον</em></strong></span> <span class='ocrx_word' id='word_1_106' title='bbox 1423 1734 1459 1813; x_wconf 77' lang='grc' dir='ltr'><em>ᾗ</em></span> <span class='ocrx_word' id='word_1_107' title='bbox 1496 1744 1592 1812; x_wconf 89' lang='grc' dir='ltr'><strong><em>τῆς</em></strong></span> <span class='ocrx_word' id='word_1_108' title='bbox 1632 1740 1726 1797; x_wconf 81' lang='grc' dir='ltr'><strong><em>διὰ</em></strong></span> <span class='ocrx_word' id='word_1_109' title='bbox 1763 1744 1867 1798; x_wconf 81' lang='grc' dir='ltr'><strong><em>τοῦ</em></strong></span> <span class='ocrx_word' id='word_1_110' title='bbox 1902 1748 1948 1798; x_wconf 93' lang='grc' dir='ltr'>Ζ</span> 
     </span>
    </p>

    <p class='ocr_par' dir='ltr' id='par_1_11' title="bbox 249 1828 1946 1902">
     <span class='ocr_line' id='line_1_16' title="bbox 249 1828 1946 1902; baseline 0.001 -18"><span class='ocrx_word' id='word_1_111' title='bbox 249 1829 635 1901; x_wconf 81' lang='grc' dir='ltr'><strong><em>ἐφαπτομένης</em></strong></span> <span class='ocrx_word' id='word_1_112' title='bbox 673 1831 771 1899; x_wconf 89' lang='grc' dir='ltr'><strong><em>τῆς</em></strong></span> <span class='ocrx_word' id='word_1_113' title='bbox 809 1832 1007 1900; x_wconf 88' lang='grc' dir='ltr'><strong><em>τομῆς,</em></strong></span> <span class='ocrx_word' id='word_1_114' title='bbox 1053 1829 1253 1899; x_wconf 31' lang='grc' dir='ltr'><strong><em>τέμνει,</em></strong></span> <span class='ocrx_word' id='word_1_115' title='bbox 1277 1828 1381 1900; x_wconf 84' lang='grc' dir='ltr'><strong><em>τὴν</em></strong></span> <span class='ocrx_word' id='word_1_116' title='bbox 1419 1829 1622 1901; x_wconf 87' lang='grc' dir='ltr'><strong><em>τομήν,</em></strong></span> <span class='ocrx_word' id='word_1_117' title='bbox 1671 1828 1771 1886; x_wconf 83' lang='grc' dir='ltr'><strong><em>ἐὰν</em></strong></span> <span class='ocrx_word' id='word_1_118' title='bbox 1811 1830 1873 1886; x_wconf 75' lang='grc' dir='ltr'><strong><em>δὲ</em></strong></span> <span class='ocrx_word' id='word_1_119' title='bbox 1911 1828 1946 1902; x_wconf 83' lang='grc' dir='ltr'><em>ἡ</em></span> 
     </span>
    </p>

    <p class='ocr_par' dir='ltr' id='par_1_12' title="bbox 248 1910 1948 1992">
     <span class='ocr_line' id='line_1_17' title="bbox 248 1910 1948 1992; baseline 0.001 -19"><span class='ocrx_word' id='word_1_120' title='bbox 248 1917 567 1989; x_wconf 85' lang='grc' dir='ltr'><strong><em>σύμπτωσις</em></strong></span> <span class='ocrx_word' id='word_1_121' title='bbox 614 1919 674 1972; x_wconf 89' lang='grc' dir='ltr'><strong><em>ἐν</em></strong></span> <span class='ocrx_word' id='word_1_122' title='bbox 714 1920 788 1992; x_wconf 76' lang='grc' dir='ltr'><strong><em>τῷ</em></strong></span> <span class='ocrx_word' id='word_1_123' title='bbox 822 1915 1026 1988; x_wconf 82' lang='grc' dir='ltr'><strong><em>μεταξὺ</em></strong></span> <span class='ocrx_word' id='word_1_124' title='bbox 1062 1916 1212 1992; x_wconf 80' lang='grc' dir='ltr'><strong><em>τόπῳ</em></strong></span> <span class='ocrx_word' id='word_1_125' title='bbox 1253 1910 1288 1989; x_wconf 79' lang='grc' dir='ltr'><em>ᾗ</em></span> <span class='ocrx_word' id='word_1_126' title='bbox 1329 1920 1426 1988; x_wconf 88' lang='grc' dir='ltr'><strong><em>τῆς</em></strong></span> <span class='ocrx_word' id='word_1_127' title='bbox 1462 1939 1520 1973; x_wconf 91' lang='grc' dir='ltr'><strong><em>τε</em></strong></span> <span class='ocrx_word' id='word_1_128' title='bbox 1560 1918 1948 1991; x_wconf 79' lang='grc' dir='ltr'><strong><em>ἐφαπτομένης</em></strong></span> 
     </span>
    </p>

    <p class='ocr_par' dir='ltr' id='par_1_13' title="bbox 246 2003 1945 2083">
     <span class='ocr_line' id='line_1_18' title="bbox 246 2003 1945 2083; baseline 0.002 -23"><span class='ocrx_word' id='word_1_129' title='bbox 246 2006 339 2061; x_wconf 81' lang='grc' dir='ltr'><strong><em>καὶ</em></strong></span> <span class='ocrx_word' id='word_1_130' title='bbox 377 2010 476 2077; x_wconf 90' lang='grc' dir='ltr'><strong><em>τῆς</em></strong></span> <span class='ocrx_word' id='word_1_131' title='bbox 513 2009 739 2076; x_wconf 87' lang='grc' dir='ltr'><strong><em>γωνίας,</em></strong></span> <span class='ocrx_word' id='word_1_132' title='bbox 789 2003 973 2078; x_wconf 73' lang='grc' dir='ltr'><strong><em>ὥσπερ</em></strong></span> <span class='ocrx_word' id='word_1_133' title='bbox 1013 2006 1106 2060; x_wconf 83' lang='grc' dir='ltr'><strong><em>καὶ</em></strong></span> <span class='ocrx_word' id='word_1_134' title='bbox 1146 2003 1179 2077; x_wconf 81' lang='grc' dir='ltr'>ἡ</span> <span class='ocrx_word' id='word_1_135' title='bbox 1223 2011 1359 2077; x_wconf 87' lang='grc' dir='ltr'><strong><em>ΖΗ,</em></strong></span> <span class='ocrx_word' id='word_1_136' title='bbox 1406 2004 1544 2061; x_wconf 84' lang='grc' dir='ltr'><strong><em>κατὰ</em></strong></span> <span class='ocrx_word' id='word_1_137' title='bbox 1582 2006 1649 2062; x_wconf 82' lang='grc' dir='ltr'><strong><em>τὰ</em></strong></span> <span class='ocrx_word' id='word_1_138' title='bbox 1690 2005 1831 2063; x_wconf 80' lang='grc' dir='ltr'><strong><em>αὐτὰ</em></strong></span> <span class='ocrx_word' id='word_1_139' title='bbox 1869 2010 1945 2083; x_wconf 78' lang='grc' dir='ltr'><strong><em>τῷ</em></strong></span> 
     </span>
    </p>

    <p class='ocr_par' dir='ltr' id='par_1_14' title="bbox 251 2092 1947 2168">
     <span class='ocr_line' id='line_1_19' title="bbox 251 2092 1947 2168; baseline 0.002 -19"><span class='ocrx_word' id='word_1_140' title='bbox 251 2095 437 2150; x_wconf 77' lang='grc' dir='ltr'><strong><em>ἐπάνω</em></strong></span> <span class='ocrx_word' id='word_1_141' title='bbox 479 2092 513 2166; x_wconf 75' lang='grc' dir='ltr'>ἡ</span> <span class='ocrx_word' id='word_1_142' title='bbox 553 2100 673 2150; x_wconf 82' lang='grc' dir='ltr'><strong><em>ΘΗ</em></strong></span> <span class='ocrx_word' id='word_1_143' title='bbox 696 2098 793 2166; x_wconf 84' lang='grc' dir='ltr'><strong><em>τῆς</em></strong></span> <span class='ocrx_word' id='word_1_144' title='bbox 830 2097 1002 2166; x_wconf 88' lang='grc' dir='ltr'><strong><em>τομῆς</em></strong></span> <span class='ocrx_word' id='word_1_145' title='bbox 1042 2092 1146 2151; x_wconf 77' lang='grc' dir='ltr'><strong><em>οὐκ</em></strong></span> <span class='ocrx_word' id='word_1_146' title='bbox 1177 2092 1366 2166; x_wconf 79' lang='grc' dir='ltr'><strong><em>ἀφέξει</em></strong></span> <span class='ocrx_word' id='word_1_147' title='bbox 1399 2100 1636 2152; x_wconf 83' lang='grc' dir='ltr'><strong><em>ἔλασσον</em></strong></span> <span class='ocrx_word' id='word_1_148' title='bbox 1669 2095 1947 2168; x_wconf 81' lang='grc' dir='ltr'><strong><em>διάστημα</em></strong></span> 
     </span>
    </p>

    <p class='ocr_par' dir='ltr' id='par_1_15' title="bbox 160 2181 1947 2256">
     <span class='ocr_line' id='line_1_20' title="bbox 160 2181 1947 2256; baseline 0.002 -20"><span class='ocrx_word' id='word_1_149' title='bbox 160 2197 215 2237; x_wconf 84' lang='grc'><strong><em>15</em></strong></span> <span class='ocrx_word' id='word_1_150' title='bbox 246 2186 453 2248; x_wconf 88' lang='grc' dir='ltr'><strong><em>παντὸς</em></strong></span> <span class='ocrx_word' id='word_1_151' title='bbox 505 2187 608 2239; x_wconf 85' lang='grc' dir='ltr'><strong><em>τοῦ</em></strong></span> <span class='ocrx_word' id='word_1_152' title='bbox 664 2184 958 2248; x_wconf 80' lang='grc' dir='ltr'><strong><em>δοθέντος·</em></strong></span> <span class='ocrx_word' id='word_1_153' title='bbox 1014 2183 1154 2239; x_wconf 74' lang='grc' dir='ltr'><strong><em>ὥστε</em></strong></span> <span class='ocrx_word' id='word_1_154' title='bbox 1208 2181 1242 2255; x_wconf 82' lang='grc' dir='ltr'><em>ἡ</em></span> <span class='ocrx_word' id='word_1_155' title='bbox 1290 2189 1398 2239; x_wconf 93' lang='grc' dir='ltr'><strong><em>ΓΑ</em></strong></span> <span class='ocrx_word' id='word_1_156' title='bbox 1453 2184 1642 2255; x_wconf 83' lang='grc' dir='ltr'><strong><em>ἔγγιόν</em></strong></span> <span class='ocrx_word' id='word_1_157' title='bbox 1689 2186 1804 2240; x_wconf 83' lang='grc' dir='ltr'><strong><em>ἐστι</em></strong></span> <span class='ocrx_word' id='word_1_158' title='bbox 1849 2188 1947 2256; x_wconf 85' lang='grc' dir='ltr'><strong><em>τῆς</em></strong></span> 
     </span>
    </p>

    <p class='ocr_par' dir='ltr' id='par_1_16' title="bbox 246 2270 1946 2344">
     <span class='ocr_line' id='line_1_21' title="bbox 246 2270 1946 2344; baseline 0 -16"><span class='ocrx_word' id='word_1_159' title='bbox 246 2275 435 2343; x_wconf 89' lang='grc' dir='ltr'><strong><em>τομῆς,</em></strong></span> <span class='ocrx_word' id='word_1_160' title='bbox 477 2271 615 2343; x_wconf 82' lang='grc' dir='ltr'><strong><em>ῆπερ</em></strong></span> <span class='ocrx_word' id='word_1_161' title='bbox 655 2270 690 2343; x_wconf 79' lang='grc' dir='ltr'><em>ἡ</em></span> <span class='ocrx_word' id='word_1_162' title='bbox 725 2278 830 2328; x_wconf 89' lang='grc' dir='ltr'><strong><em>ΕΖ</em></strong></span> <span class='ocrx_word' id='word_1_163' title='bbox 870 2273 1036 2328; x_wconf 87' lang='grc' dir='ltr'><strong><em>ἐστιν.</em></strong></span> <span class='ocrx_word' id='word_1_164' title='bbox 1104 2270 1139 2344; x_wconf 78' lang='grc' dir='ltr'><em>ἡ</em></span> <span class='ocrx_word' id='word_1_165' title='bbox 1182 2272 1243 2327; x_wconf 78' lang='grc' dir='ltr'><strong><em>δὲ</em></strong></span> <span class='ocrx_word' id='word_1_166' title='bbox 1275 2278 1393 2327; x_wconf 91' lang='grc' dir='ltr'><strong><em>ΔΑ</em></strong></span> <span class='ocrx_word' id='word_1_167' title='bbox 1425 2277 1614 2344; x_wconf 82' lang='grc' dir='ltr'><strong><em>ἔγγιον</em></strong></span> <span class='ocrx_word' id='word_1_168' title='bbox 1644 2276 1742 2344; x_wconf 89' lang='grc' dir='ltr'><strong><em>τῆς</em></strong></span> <span class='ocrx_word' id='word_1_169' title='bbox 1772 2282 1946 2344; x_wconf 85' lang='grc' dir='ltr'><strong><em>τομῆς</em></strong></span> 
     </span>
    </p>

    <p class='ocr_par' dir='ltr' id='par_1_17' title="bbox 244 2358 1944 2521">
     <span class='ocr_line' id='line_1_22' title="bbox 245 2358 1944 2433; baseline 0.001 -18"><span class='ocrx_word' id='word_1_170' title='bbox 245 2359 384 2431; x_wconf 83' lang='grc' dir='ltr'><strong><em>ῆπερ</em></strong></span> <span class='ocrx_word' id='word_1_171' title='bbox 431 2358 464 2431; x_wconf 82' lang='grc' dir='ltr'>ἡ</span> <span class='ocrx_word' id='word_1_172' title='bbox 509 2367 621 2415; x_wconf 89' lang='grc' dir='ltr'><strong><em>ΖΗ</em></strong></span> <span class='ocrx_word' id='word_1_173' title='bbox 667 2360 759 2416; x_wconf 79' lang='grc' dir='ltr'><strong><em>διὰ</em></strong></span> <span class='ocrx_word' id='word_1_174' title='bbox 807 2360 873 2415; x_wconf 85' lang='grc' dir='ltr'><strong><em>τὰ</em></strong></span> <span class='ocrx_word' id='word_1_175' title='bbox 921 2358 1061 2416; x_wconf 81' lang='grc' dir='ltr'><strong><em>αὐτὰ</em></strong></span> <span class='ocrx_word' id='word_1_176' title='bbox 1109 2372 1225 2426; x_wconf 80' lang='grc' dir='ltr'><strong><em>τοῖς</em></strong></span> <span class='ocrx_word' id='word_1_177' title='bbox 1273 2361 1360 2416; x_wconf 84' lang='grc' dir='ltr'><strong><em>ἐπὶ</em></strong></span> <span class='ocrx_word' id='word_1_178' title='bbox 1405 2370 1504 2431; x_wconf 88' lang='grc' dir='ltr'><strong><em>τῆς</em></strong></span> <span class='ocrx_word' id='word_1_179' title='bbox 1548 2366 1735 2433; x_wconf 91' lang='grc' dir='ltr'><strong><em>τρίτης</em></strong></span> <span class='ocrx_word' id='word_1_180' title='bbox 1780 2383 1944 2418; x_wconf 85' lang='grc' dir='ltr'><strong><em>κατα-</em></strong></span> 
     </span>
     <span class='ocr_line' id='line_1_23' title="bbox 244 2458 477 2521; baseline 0.009 -2"><span class='ocrx_word' id='word_1_181' title='bbox 244 2458 477 2521; x_wconf 66' lang='grc' dir='ltr'><strong><em>γραφῆς-</em></strong></span> 
     </span>
    </p>

    <p class='ocr_par' dir='ltr' id='par_1_18' title="bbox 357 2534 1946 2610">
     <span class='ocr_line' id='line_1_24' title="bbox 357 2534 1946 2610; baseline 0.001 -18"><span class='ocrx_word' id='word_1_182' title='bbox 357 2536 442 2593; x_wconf 83' lang='grc' dir='ltr'><strong><em>ὅτι</em></strong></span> <span class='ocrx_word' id='word_1_183' title='bbox 498 2537 559 2593; x_wconf 74' lang='grc' dir='ltr'><strong><em>δὲ</em></strong></span> <span class='ocrx_word' id='word_1_184' title='bbox 613 2534 647 2607; x_wconf 82' lang='grc' dir='ltr'>ἡ</span> <span class='ocrx_word' id='word_1_185' title='bbox 704 2535 963 2610; x_wconf 89' lang='grc' dir='ltr'><strong><em>ἀνωτέρω</em></strong></span> <span class='ocrx_word' id='word_1_186' title='bbox 1018 2541 1116 2609; x_wconf 91' lang='grc' dir='ltr'><strong><em>τῆς</em></strong></span> <span class='ocrx_word' id='word_1_187' title='bbox 1171 2537 1263 2592; x_wconf 82' lang='grc' dir='ltr'><strong><em>διὰ</em></strong></span> <span class='ocrx_word' id='word_1_188' title='bbox 1318 2546 1422 2593; x_wconf 88' lang='grc' dir='ltr'><strong><em>τοῦ</em></strong></span> <span class='ocrx_word' id='word_1_189' title='bbox 1468 2543 1512 2592; x_wconf 96' lang='grc' dir='ltr'><strong><em>Ζ</em></strong></span> <span class='ocrx_word' id='word_1_190' title='bbox 1561 2539 1946 2609; x_wconf 86' lang='grc' dir='ltr'><strong><em>ἐφαπτομένης</em></strong></span> 
     </span>
    </p>

    <p class='ocr_par' dir='ltr' id='par_1_19' title="bbox 363 2653 1942 2712">
     <span class='ocr_line' id='line_1_25' title="bbox 363 2653 1942 2712; baseline 0.002 -14"><span class='ocrx_word' id='word_1_191' title='bbox 363 2655 417 2699; x_wconf 91' lang='lat' dir='ltr'><strong><em>In</em></strong></span> <span class='ocrx_word' id='word_1_192' title='bbox 463 2656 541 2712; x_wconf 87' lang='lat' dir='ltr'><strong><em>fig.</em></strong></span> <span class='ocrx_word' id='word_1_193' title='bbox 585 2660 607 2698; x_wconf 86' lang='lat'><strong><em>1.</em></strong></span> <span class='ocrx_word' id='word_1_194' title='bbox 659 2659 700 2699; x_wconf 89' lang='grc' dir='ltr'><em>Δ</em></span> <span class='ocrx_word' id='word_1_195' title='bbox 749 2657 798 2699; x_wconf 70' lang='lat' dir='ltr'><strong><em>et</em></strong></span> <span class='ocrx_word' id='word_1_196' title='bbox 846 2659 895 2698; x_wconf 92' lang='lat' dir='ltr'><em>H</em></span> <span class='ocrx_word' id='word_1_197' title='bbox 939 2670 1028 2702; x_wconf 87' lang='lat' dir='ltr'><strong><em>om.</em></strong></span> <span class='ocrx_word' id='word_1_198' title='bbox 1071 2655 1151 2710; x_wconf 85' lang='lat' dir='ltr'><strong><em>W;</em></strong></span> <span class='ocrx_word' id='word_1_199' title='bbox 1219 2653 1411 2700; x_wconf 74' lang='lat' dir='ltr'>additae</span> <span class='ocrx_word' id='word_1_200' title='bbox 1461 2657 1568 2700; x_wconf 69' lang='lat' dir='ltr'>sunt</span> <span class='ocrx_word' id='word_1_201' title='bbox 1616 2655 1737 2700; x_wconf 83' lang='lat' dir='ltr'><strong>duae</strong></span> <span class='ocrx_word' id='word_1_202' title='bbox 1784 2658 1942 2701; x_wconf 74' lang='lat' dir='ltr'>rectae</span> 
     </span>
    </p>
   </div>
   <div class='ocr_carea' id='block_1_6' title="bbox 242 2714 1310 2830">
    <p class='ocr_par' dir='ltr' id='par_1_20' title="bbox 242 2714 1301 2830">
     <span class='ocr_line' id='line_1_26' title="bbox 242 2714 942 2771; baseline 0.001 -13"><span class='ocrx_word' id='word_1_203' title='bbox 242 2715 382 2760; x_wconf 73' lang='lat' dir='ltr'><strong>rectis</strong></span> <span class='ocrx_word' id='word_1_204' title='bbox 415 2717 514 2770; x_wconf 88' lang='lat' dir='ltr'><strong><em>EZ,</em></strong></span> <span class='ocrx_word' id='word_1_205' title='bbox 542 2718 636 2758; x_wconf 91' lang='lat' dir='ltr'><strong><em>ZH</em></strong></span> <span class='ocrx_word' id='word_1_206' title='bbox 664 2714 942 2771; x_wconf 81' lang='lat' dir='ltr'>parallelae.</span> 
     </span>
     <span class='ocr_line' id='line_1_27' title="bbox 363 2773 1310 2830; baseline 0.001 -14"><span class='ocrx_word' id='word_1_207' title='bbox 363 2773 878 2830; x_wconf 78' lang='lat' dir='ltr'>Infig..,2EomW</span> <span class='ocrx_word' id='word_1_208' title='bbox 910 2773 1215 2830; x_wconf 83' lang='lat' dir='ltr'><strong>prloab.</strong></span> <span class='ocrx_word' id='word_1_209' title='bbox 1250 2775 1310 2818; x_wconf 89' lang='grc' dir='ltr'><strong><em>Π.</em></strong></span> 
     </span>
    </p>
   </div>
   <div class='ocr_carea' id='block_1_7' title="bbox 291 2622 605 2629">
    <p class='ocr_par' dir='ltr' id='par_1_21' title="bbox 291 2622 605 2629">
     <span class='ocr_line' id='line_1_28' title="bbox 291 2622 605 2629; baseline 0 0"><span class='ocrx_word' id='word_1_210' title='bbox 291 2622 605 2629; x_wconf 95' lang='lat' dir='ltr'><strong><em> </em></strong></span> 
     </span>
    </p>
   </div>
   <div class='ocr_carea' id='block_1_8' title="bbox 251 2845 606 2851">
    <p class='ocr_par' dir='ltr' id='par_1_22' title="bbox 251 2845 606 2851">
     <span class='ocr_line' id='line_1_29' title="bbox 251 2845 606 2851; baseline 0 0"><span class='ocrx_word' id='word_1_211' title='bbox 251 2845 606 2851; x_wconf 95' lang='lat' dir='ltr'><strong><em> </em></strong></span> 
     </span>
    </p>
   </div>
   <div class='ocr_carea' id='block_1_9' title="bbox 242 2872 1941 2996">
    <p class='ocr_par' dir='ltr' id='par_1_23' title="bbox 242 2872 1941 2996">
     <span class='ocr_line' id='line_1_30' title="bbox 365 2872 1941 2948; baseline 0 -26"><span class='ocrx_word' id='word_1_212' title='bbox 365 2884 404 2923; x_wconf 90' lang='grc'><strong><em>2.</em></strong></span> <span class='ocrx_word' id='word_1_213' title='bbox 450 2877 532 2936; x_wconf 84' lang='grc' dir='ltr'><strong><em>δέ]</em></strong></span> <span class='ocrx_word' id='word_1_214' title='bbox 573 2893 663 2934; x_wconf 78' lang='grc' dir='ltr'><strong><em>γαρ</em></strong></span> <span class='ocrx_word' id='word_1_215' title='bbox 695 2876 820 2948; x_wconf 84' lang='lat' dir='ltr'><strong><em>Wp‚</em></strong></span> <span class='ocrx_word' id='word_1_216' title='bbox 866 2891 981 2922; x_wconf 86' lang='lat' dir='ltr'>corr.</span> <span class='ocrx_word' id='word_1_217' title='bbox 1014 2877 1185 2933; x_wconf 84' lang='lat' dir='ltr'>Halley</span> <span class='ocrx_word' id='word_1_218' title='bbox 1225 2892 1329 2923; x_wconf 87' lang='lat' dir='ltr'><strong><em>cum</em></strong></span> <span class='ocrx_word' id='word_1_219' title='bbox 1372 2876 1550 2922; x_wconf 88' lang='lat' dir='ltr'>Comm</span> <span class='ocrx_word' id='word_1_220' title='bbox 1702 2876 1760 2922; x_wconf 79' lang='grc' dir='ltr'><strong><em>τὰ</em></strong></span> <span class='ocrx_word' id='word_1_221' title='bbox 1801 2872 1941 2934; x_wconf 77' lang='grc' dir='ltr'><strong><em>ἐγγὺς</em></strong></span> 
     </span>
     <span class='ocr_line' id='line_1_31' title="bbox 242 2931 1940 2996; baseline 0 -16"><span class='ocrx_word' id='word_1_222' title='bbox 242 2933 412 2996; x_wconf 83' lang='grc' dir='ltr'><strong><em>αυτοῦ]</em></strong></span> <span class='ocrx_word' id='word_1_223' title='bbox 448 2937 626 2993; x_wconf 80' lang='lat' dir='ltr'>scripsi,</span> <span class='ocrx_word' id='word_1_224' title='bbox 659 2933 711 2981; x_wconf 85' lang='grc' dir='ltr'><strong><em>τὸ</em></strong></span> <span class='ocrx_word' id='word_1_225' title='bbox 741 2931 880 2994; x_wconf 75' lang='grc' dir='ltr'><strong><em>ἐγγὺς</em></strong></span> <span class='ocrx_word' id='word_1_226' title='bbox 903 2933 1062 2980; x_wconf 82' lang='grc' dir='ltr'><strong><em>αυτῶν</em></strong></span> <span class='ocrx_word' id='word_1_227' title='bbox 1094 2937 1208 2994; x_wconf 88' lang='lat' dir='ltr'><strong><em>Wp.</em></strong></span> <span class='ocrx_word' id='word_1_228' title='bbox 1324 2941 1364 2981; x_wconf 91' lang='lat'><strong><em>3.</em></strong></span> <span class='ocrx_word' id='word_1_229' title='bbox 1403 2935 1520 2981; x_wconf 79' lang='grc' dir='ltr'><strong><em>εἰσιν</em></strong></span> <span class='ocrx_word' id='word_1_230' title='bbox 1546 2935 1620 2981; x_wconf 92' lang='lat' dir='ltr'><strong><em>W.</em></strong></span> <span class='ocrx_word' id='word_1_231' title='bbox 1730 2940 1771 2981; x_wconf 82' lang='lat'><strong><em>5.</em></strong></span> <span class='ocrx_word' id='word_1_232' title='bbox 1806 2935 1940 2981; x_wconf 84' lang='grc' dir='ltr'><strong><em>ἔλασ-</em></strong></span> 
     </span>
    </p>
   </div>
  </div>
 </body>
</html>
