2046 3256
247 167 357 220 246
718 165 1158 211 COMMENTARIA
1187 164 1471 217 ANTIQUA.

247 284 426 358 αὐτὴν
465 289 649 342 αἰτίαν
689 284 781 340 καὶ
821 282 885 340 τὸ
924 281 1032 340 ἀπὸ
1067 288 1168 340 ΓΘ
1205 285 1308 339 τοῦ
1346 280 1458 339 ὑπὸ
1501 287 1663 337 ΑΘΒ
1693 278 1947 355 ὑπερέχει

245 383 323 452 τῷ
366 372 473 429 ἀπὸ
516 378 639 429 ΓΒ·
682 371 821 429 ὥστε
862 372 1054 445 ὀρθῶς
1093 379 1306 445 εἴρηται
1344 370 1406 427 τὸ
1449 369 1708 427 διελόντι.

912 539 1028 602 Εἰς
1064 535 1141 591 τὸ.
1175 534 1283 606 λβ’.

354 641 449 696 Ἐν
518 650 593 717 τῷ
667 639 1109 716 ἑπτακαιδεκάτῳ
1179 638 1504 712 θεωρήματι
1566 636 1949 708 ἁπλούστερον

192 751 217 790 5
253 732 480 802 ἔδειξεν,
523 729 607 787 ὅτι
649 727 681 802 ἡ
724 730 817 785 διὰ
858 732 954 801 τῆς
991 738 1245 802 κορυφῆς
1282 726 1433 801 παρὰ
1463 727 1566 800 τὴν
1596 728 1950 800 κατηγμένην

159 1194 215 1235 10

161 1639 216 1678 15

159 2172 217 2213 20

160 2615 218 2656 25

245 820 591 892 τεταγμένως
624 818 869 891 ἀγομένη
908 817 1226 890 ἐφάπτεται,
1268 819 1518 873 ἐνταῦθα
1551 816 1613 872 δὲ
1643 814 1706 872 τὸ
1740 817 1801 872 ἐν
1833 826 1950 882 τοῖς

245 913 539 981 στοιχείοις
579 908 666 964 ἐπὶ
705 910 807 964 τοῦ
846 906 1058 963 κύκλου
1099 905 1280 978 μόνου
1321 906 1683 977 δεδειγμένον
1718 911 1949 961 καθολι-

244 998 490 1071 κώτερον
523 998 612 1054 ἐπὶ
650 996 831 1068 πάσης
868 995 1059 1052 κω’νου
1097 1003 1269 1067 τομῆς
1300 992 1555 1067 ὑπάρχον
1587 995 1946 1050 ἐπιδείκνυσι.

359 1091 449 1143 δεῖ
484 1086 675 1159 μέντοι
712 1088 1019 1156 ἐπιστῆσαι,
1055 1083 1188 1154 ὅπερ
1221 1082 1383 1139 κάκεῖ
1411 1085 1656 1155 ἐδείχθη,
1698 1081 1784 1139 ὅτι
1814 1105 1950 1155 καμ-

247 1176 431 1248 πύλην
480 1175 582 1248 μὲν
631 1182 764 1241 ἴσως
809 1172 1071 1247 γραμμὴν
1121 1173 1290 1229 οὐδὲν
1337 1170 1548 1229 ἄτοπόν
1597 1172 1747 1228 ἐστιν
1796 1174 1949 1244 ἐμπί-

245 1286 402 1322 πτειν
450 1264 652 1337 μεταξὺ
698 1267 796 1336 τῆς
835 1262 1061 1329 εὐθείας
1098 1263 1191 1319 καὶ
1230 1265 1327 1334 τῆς
1363 1264 1563 1334 τομῆς,
1612 1258 1845 1317 εὐθεῖαν
1886 1259 1948 1316 δὲ

246 1354 556 1428 ἀμήχανον·
611 1363 766 1425 τεμεῖ
808 1351 916 1425 γὰρ
964 1350 1103 1423 αὕτη
1150 1350 1254 1423 τὴν
1299 1351 1479 1423 τομὴν
1525 1349 1618 1405 καὶ
1669 1346 1773 1406 οὐκ
1819 1348 1949 1421 ἐφά-

246 1455 430 1510 ψεται·
473 1442 578 1499 δύο
619 1441 726 1516 γὰρ
769 1442 1156 1513 ἐφαπτομένας
1195 1438 1420 1506 εὐθείας
1457 1437 1596 1495 κατὰ
1635 1442 1740 1495 τοῦ
1772 1436 1950 1495 αὐτοῦ

247 1538 481 1605 σημείου
521 1529 667 1588 εἶναι
706 1530 1008 1587 ἀδύνατον.

360 1620 725 1694 πολυτρόπως
773 1620 1134 1692 δεδειγμένου
1187 1619 1392 1675 τούτου
1438 1620 1540 1674 τοῦ
1586 1615 1950 1690 θεωρήματος

247 1713 308 1766 ἐν
365 1710 662 1783 διαφόροις
717 1709 1007 1766 ἐκδόσεσιν
1059 1706 1216 1781 ἡμεῖς
1261 1707 1364 1779 τὴν
1411 1704 1700 1773 ἀπόδειξιν
1747 1703 1950 1762 ἁπλου-

249 1800 449 1871 στέραν
488 1800 582 1855 καὶ
622 1800 971 1871 σαφεστέραν
1012 1797 1362 1870 ἐποιήσαμεν.

913 1963 1029 2025 Εἰς
1065 1961 1135 2015 τὸ
1178 1958 1285 2014 λδ’.

362 2073 471 2122 Δεῖ
506 2068 811 2137 ἐπιστῆσαι,
853 2062 938 2120 ὅτι
977 2062 1011 2134 ἡ
1052 2068 1164 2118 ΓΔ
1202 2062 1515 2134 κατηγμένη
1558 2061 1645 2117 ἐπὶ
1684 2060 1789 2133 τὴν
1829 2060 1949 2117 διά-

251 2177 454 2228 μετρον
496 2155 584 2210 ἐπὶ
623 2154 725 2226 μὲν
763 2156 860 2225 τῆς
898 2154 1212 2226 ὑπερβολῆς
1245 2151 1342 2217 τὰς
1375 2157 1505 2222 ΔΒ,
1540 2157 1595 2206 Δ
1607 2158 1656 2206 Α
1689 2148 1951 2223 ὁρίζουσα

248 2248 352 2316 τὴν
399 2250 512 2298 ΒΑ
556 2243 958 2315 καταλιμπάνει
1007 2240 1349 2313 ὀφείλουσαν
1395 2246 1681 2311 τμηθῆναι
1728 2243 1806 2305 εἰς
1851 2238 1951 2295 τὸν

248 2337 362 2389 τῶν
402 2338 575 2387 ΒΔΑ
614 2332 814 2403 λόγον,
861 2331 951 2387 ἐπὶ
991 2330 1053 2387 δὲ
1096 2333 1194 2402 τῆς
1242 2331 1536 2396 ἐλλείψεως
1573 2328 1666 2384 καὶ
1705 2331 1806 2384 τοῦ
1849 2327 1946 2384 κύ-

248 2429 387 2478 κλου
420 2421 697 2477 ἀνάπαλιν
728 2419 831 2492 τὴν
864 2427 973 2475 BA
1009 2421 1288 2491 τέμνουσα
1321 2421 1400 2483 εἰς
1427 2415 1743 2490 ὡρισμένον
1774 2415 1948 2488 λόγον

249 2512 349 2567 τὸν
402 2514 514 2566 τῶν
563 2516 738 2565 ΒΔΑ
794 2512 1063 2580 ἐπιζητεῖν
1118 2506 1262 2580 ἡμᾶς
1315 2517 1468 2562 ποιεῖ
1516 2505 1617 2563 τὸν
1661 2508 1776 2561 τῶν
1822 2510 1948 2575 ΒΕ,

251 2606 382 2656 ΕΑ·
433 2598 601 2655 οὐδὲν
649 2598 754 2671 γὰρ
804 2598 1065 2671 δυσχερὲς
1108 2596 1280 2669 λόγου
1320 2596 1591 2660 δοθέντος
1630 2601 1756 2650 ἴσον
1797 2591 1946 2670 αὐτῷ

250 2694 608 2763 πορίσασθαι.

373 2917 413 2956 2.
446 2910 523 2970 τό]
557 2911 620 2971 τῷ
654 2911 728 2956 W.
865 2913 905 2954 6.
939 2905 1012 2966 τό]
1047 2922 1137 2952 om.
1170 2922 1215 2965 p.
1353 2904 1469 2962 τοῖς]
1505 2917 1655 2961 comp.
1688 2917 1733 2960 p,
1766 2907 1846 2947 τοῖ
1869 2902 1946 2947 W.

315 2975 352 3016 7.
388 2970 536 3029 μόνον
568 2985 613 3027 p.
753 2973 793 3013 9.
833 2969 876 3023 ᾧ
907 2982 998 3025 mg.
1033 2965 1106 3011 W.
1250 2969 1319 3010 10.
1352 2959 1554 3022 ἄτοπόν]
1592 2976 1705 3008 corr.
1741 2976 1797 3007 ex
1828 2958 1947 3006 ἄτω-
