2046 3224
732 161 967 204 PROLEG
974 161 1196 205 OMENA.
1753 158 1815 203 LI

278 312 288 322 .
321 281 363 334 4,
397 280 423 321 5
454 277 626 336 ταῦτα]
659 274 716 321 τά

277 378 286 388 .
319 347 361 398 8,
396 345 422 386 5
451 342 658 401 περιέχει
779 346 806 387 8
839 340 1061 402 εὐθεῖαν]
1098 356 1186 388 om.

274 445 285 456 .
319 413 390 467 10,
422 414 448 454 2
481 406 534 455 ἐν
564 410 640 468 τῇ]
677 406 810 461 ἐντὸς
840 409 924 466 τῆς
1046 414 1099 454 13
1134 411 1256 469 ΓΗ]
1292 413 1386 455 ΓΚ

276 511 285 521 .
322 479 390 531 12,
427 480 480 521 16
513 477 615 534 BA]
650 480 736 520 AB
860 481 915 520 23
948 471 1067 520 καθ’
1097 474 1260 533 ἕτερόν
1291 477 1355 536 τι]
1389 476 1510 522 κατά
1550 469 1555 476 ’

276 577 286 586 .
321 545 390 596 14,
424 547 449 586 2
481 538 557 600 τό]
591 540 704 587 ἔστω
736 538 789 587 τό
887 539 1022 600 ἔστω]
1060 556 1150 588 om.
1259 546 1329 589 19.
1363 541 1514 602 ἔσται]
1550 558 1640 593 om.
1734 561 1810 602 ση-

239 292 273 599 ’ΌὍὋὊὍ

122 608 277 667 μεῖον]
310 605 504 666 σημεῖόν
537 605 661 653 ἐστιν

238 689 283 732 Ρ.
318 678 388 731 16,
421 678 448 719 8
488 675 591 733 τοῦ]
625 687 650 718 e
683 688 796 719 corr.
921 679 977 718 23
1022 675 1128 733 ZA]
1162 678 1258 718 ΖΗ
1374 676 1499 734 AH]
1535 679 1632 720 HA
1752 681 1810 723 26

120 738 260 800 μηδέ]
293 737 355 799 μή
480 737 664 799 ἑτέρου]
699 737 955 798 οὐδετέρου

238 823 284 865 Ρ.
319 812 394 865 18,
428 810 454 851 5
493 804 615 866 ὑπό]
660 803 755 852 ἀπό
895 810 949 850 15
988 804 1284 866 περιέχωσιν]
1325 805 1615 866 ὑπερέχωσιν
1754 815 1809 855 16

116 874 219 934 τῆς]
251 888 342 920 om.

237 956 284 998 Ρ.
316 945 390 996 20,
425 944 478 984 10
516 941 630 999 ΧΖ]
667 944 757 984 ΖΧ
872 943 927 984 13
967 940 1114 998 μηδέ]
1148 937 1214 998 μή
1337 937 1520 999 ἑτέρου]
1554 936 1811 1000 οὐδετέρου

180 1011 236 1052 14
274 1008 386 1066 ΕΔ]
422 1010 516 1052 ΔΕ
639 1011 692 1051 19
724 1003 798 1064 τό]
832 1002 885 1050 τὸ
920 1011 963 1050 Λ

235 1088 280 1130 Ρ.
315 1079 384 1130 22,
420 1079 442 1118 1
485 1073 604 1131 ΠΟ]
637 1074 726 1121 ΡΞ
843 1074 869 1115 5
901 1068 1003 1130 διά]
1036 1070 1264 1130 πρότερον
1297 1069 1378 1118 διά
1503 1079 1528 1118 7
1560 1075 1688 1132 ΠΟ]
1722 1076 1811 1123 ΡΞ

176 1140 247 1199 K]
280 1144 316 1184 Β
409 1144 462 1184 13
495 1143 551 1197 τῇ
580 1136 737 1201 ἑτέρᾳ]
761 1138 849 1194 bis,
883 1139 964 1182 sed
989 1152 1103 1184 corr.
1198 1144 1253 1183 14
1287 1139 1399 1198 ΔΘ]
1429 1140 1514 1184 ΘΔ
1608 1145 1662 1185 16
1695 1140 1805 1198 καί]

117 1206 173 1263 τῇ
205 1207 294 1255 ΡΞ
321 1208 409 1251 καί
510 1210 565 1250 25
600 1206 717 1263 ΠΟ]
751 1204 840 1252 ΡΞ
940 1210 995 1250 27
1028 1203 1078 1263 ἡ]
1112 1206 1167 1261 τῇ
1271 1210 1327 1250 28
1360 1206 1437 1263 τῇ]
1469 1203 1498 1262 ἡ
1593 1212 1649 1250 29
1690 1207 1805 1264 ΕΚ]

116 1274 163 1314 K
191 1286 215 1316 e
246 1287 362 1318 corr.

236 1355 280 1397 p.
315 1343 387 1396 24,
419 1344 444 1383 9
480 1336 582 1397 ἔχῃ]
617 1336 713 1395 ἔχει
830 1342 882 1381 11
916 1322 1079 1395 κειμὲῖ
1210 1342 1264 1381 19
1303 1335 1362 1396 ἡ]
1402 1337 1481 1393 τῆς
1521 1342 1555 1380 Β
1594 1338 1738 1395 τομῆς
1775 1337 1805 1394 ἡ

178 1403 431 1463 τέμνουσα]
463 1402 666 1462 τεμνέτω
699 1403 780 1448 καὶ
811 1401 1084 1461 α’μφοτέρας
1205 1407 1260 1447 22
1294 1401 1346 1462 ἡ]
1381 1418 1469 1449 om.

236 1487 282 1529 Ρ.
308 1477 380 1528 26,
408 1475 431 1514 1
464 1468 516 1529 ἡ]
549 1484 691 1527 supra
722 1484 805 1515 scr.
929 1474 955 1514 8
988 1465 1374 1527 ἐπιζευγνυμένη]
1410 1483 1498 1514 om.
1619 1475 1644 1514 9
1678 1466 1807 1515 ἀντι-

116 1535 328 1596 κειμένῃ]
354 1550 444 1582 om.
539 1541 592 1581 16
620 1537 691 1594 Η]
719 1550 742 1581 e
769 1550 884 1583 corr.
969 1536 1085 1593 AH]
1119 1539 1207 1579 AA
1301 1540 1355 1580 17
1383 1536 1495 1595 ΗΒ]
1520 1539 1608 1580 AB
1691 1537 1804 1596 AA]

124 1607 223 1648 ΛΗ
337 1603 445 1662 ΑΒ]
481 1607 569 1647 ΗΒ

234 1685 282 1727 Ρ.
306 1674 378 1726 28,
402 1675 428 1714 2
464 1666 558 1714 ἐστι
582 1667 633 1713 τὸ
660 1669 873 1727 σημεῖον]
899 1665 949 1712 τὸ
976 1672 1018 1711 A
1042 1666 1236 1726 σημεῖόν
1263 1666 1388 1713 ἐστιν
1481 1674 1506 1713 6
1539 1668 1621 1713 καὶ
1649 1666 1803 1728 ἤχθω]

115 1737 196 1781 καὶ
227 1733 313 1780 ἄπ’
342 1733 490 1781 αὐτοῦ
524 1733 828 1793 ἐφαπτομένη
860 1732 889 1790 ἡ
924 1738 967 1778 A
978 1739 1012 1778 Z
1042 1736 1128 1779 καί
1246 1738 1271 1778 7
1311 1731 1622 1793 παράλληλος]
1665 1731 1805 1792 ἤχθω

117 1802 408 1860 παράλληλος
445 1803 500 1860 τῇ
540 1799 830 1861 ἄσυμπτώτῳ
873 1798 954 1857 ἐφ’
989 1792 1044 1856 ἧς
1082 1797 1134 1844 τὸ
1175 1804 1219 1844 A
1353 1806 1378 1845 9
1419 1798 1625 1845 πιπτέτω
1658 1827 1714 1834 --
1749 1805 1805 1846 10

116 1865 168 1912 τὸ
202 1870 276 1927 Η]
310 1865 519 1926 ἐρχέσθω
554 1865 634 1912 διὰ
665 1871 749 1912 τοῦ
783 1870 827 1911 Γ
861 1862 978 1928 ἀλλὰ
1012 1864 1091 1911 διὰ
1126 1867 1210 1911 τοῦ
1246 1871 1296 1910 Η
1412 1872 1468 1911 22
1502 1873 1808 1925 συμπεσεῖται

116 1940 219 1987 ταῖς
248 1941 413 1992 τομαῖς
518 1939 575 1979 23
608 1932 684 1992 αἴ]
721 1947 808 1978 om.
920 1930 1253 1991 συμπτώσεων]
1285 1949 1401 1978 -εων
1435 1948 1459 1978 e
1493 1947 1606 1978 corr.
1702 1931 1804 1991 ἐπί]

117 1998 171 2045 αἰ
200 1997 287 2046 ἐπί
313 2015 337 2046 e
370 2015 482 2046 corr.
606 2005 660 2046 29
692 2002 799 2058 post
831 2001 926 2044 ΔΘ
955 2013 1044 2045 ras.
1079 2004 1105 2043 2
1138 2000 1229 2045 litt.
1350 2001 1405 2058 η]
1437 1996 1466 2056 ἡ
1499 1997 1584 2056 μέν

237 2083 283 2125 Ρ.
316 2073 386 2123 30,
422 2072 446 2111 1
484 2069 612 2125 ΑΜ]
645 2070 743 2111 MA
776 2065 803 2123 ἡ
839 2065 891 2111 δὲ
929 2066 1023 2114 ΘΞ
1049 2067 1104 2124 τῇ
1142 2068 1236 2110 OF
1351 2070 1406 2109 21
1441 2063 1517 2124 αἴ]
1551 2080 1641 2111 om.

234 2148 278 2190 p.
313 2138 392 2190 32,
425 2138 480 2177 21
524 2130 628 2189 ἥξει
669 2130 825 2177 αὐτῶν
962 2137 1018 2176 26
1066 2128 1185 2176 καθ’
1226 2129 1283 2176 ἓν
1323 2136 1516 2189 σημεῖον
1562 2130 1711 2189 μόνον
1750 2132 1806 2191 τῇ

115 2204 232 2257 τομῇ
354 2205 410 2244 29
443 2201 557 2258 ΔΘ]
595 2201 678 2244 ΘΔ

234 2281 278 2323 Ρ.
312 2271 381 2322 34,
418 2271 439 2310 1
482 2269 536 2323 Κ,
572 2267 643 2324 H]
687 2270 744 2319 H,
777 2269 822 2309 K
952 2269 1005 2309 15
1046 2264 1128 2309 καὶ
1159 2261 1236 2322 αἱ]
1270 2265 1356 2307 καί
1474 2267 1526 2307 17
1559 2265 1675 2322 AB]
1708 2269 1744 2307 B
1779 2278 1806 2309 θ

117 2345 232 2376 corr.
363 2337 417 2376 22
451 2329 743 2390 ἐφάψονται]
779 2331 866 2387 bis,
904 2332 986 2376 sed
1018 2343 1132 2375 corr.
1256 2326 1616 2387 ἀντικειμένων]
1650 2330 1804 2387 τομῶν

177 2402 232 2442 26
266 2396 371 2456 μέν]
405 2397 492 2456 μὲν
524 2391 610 2442 οὖν
732 2402 789 2442 27
822 2393 923 2441 ἄλλ’
954 2393 1111 2458 ἑτέρᾳ]
1146 2410 1235 2441 om.

233 2480 278 2521 p.
312 2470 382 2520 36,
418 2469 439 2507 1
475 2465 590 2522 ΔΘ]
623 2467 728 2527 Δις
844 2464 959 2521 ΗΘ]
995 2466 1093 2506 HK
1212 2468 1236 2507 7
1270 2463 1371 2520 ΒΔ]
1404 2466 1491 2505 ΑΒ

233 2546 277 2587 Ρ.
310 2534 381 2585 38,
417 2535 439 2574 1
472 2527 502 2586 ἥ
530 2531 669 2588 (alt.)]
703 2544 727 2574 e
760 2544 874 2575 corr.
999 2533 1053 2572 13
1096 2529 1351 2585 ΑΘ(ε.11;.)]
1398 2532 1474 2572 AB
1600 2533 1653 2573 17
1687 2530 1798 2586 ΖΓ]

116 2599 199 2640 ΓΖ
321 2600 374 2640 19
409 2592 533 2640 ἐστιν
567 2596 663 2654 ἴση]
697 2596 769 2652 ἴση
804 2592 929 2641 ἐστίν

232 2678 275 2719 p.
310 2667 380 2717 40,
413 2668 439 2706 2
474 2660 569 2718 ἔχει
593 2661 754 2720 λόγον]
786 2659 926 2718 λόγον
959 2659 1055 2718 ἔχει
1176 2667 1202 2705 3
1238 2658 1549 2720 ἐκβαλλομένη
1583 2655 1662 2716 ἐφ’
1693 2656 1801 2703 ἐκοί-

114 2728 247 2786 τερα]
282 2724 364 2784 ἐφ’
403 2723 604 2784 ἑκάτερα
636 2724 954 2789 ἐκβαλλομένη
1050 2732 1106 2771 10
1138 2725 1221 2785 ὡς]
1253 2729 1418 2784 postea,
1449 2727 1531 2770 ins.
1622 2723 1652 2780 ἡ
1686 2726 1796 2783 ΕΛ]

115 2793 166 2838 in
188 2807 277 2839 ras,
373 2798 426 2837 13
460 2792 626 2852 ἀρχῆς]
653 2790 797 2851 ἀρχῆς
821 2792 1061 2838 οἳὸύνατον
1155 2797 1208 2837 18
1235 2790 1314 2851 δή]
1342 2807 1430 2837 om.
1525 2796 1578 2834 21
1606 2791 1794 2848 ΕΜΗ]

116 2861 332 2903 ΕΝΜΗ
472 2861 582 2918 ΘΡ]
624 2861 710 2904 ΡΘ
845 2865 900 2905 23
941 2860 1010 2917 A]
1055 2863 1118 2916 A,
1152 2862 1192 2903 E
1329 2863 1383 2902 25
1425 2854 1550 2901 ἐστιν
1585 2857 1680 2914 ἴση]
1723 2858 1798 2913 ἴση

116 2921 239 2970 ἐστίν
1396 2941 1398 2943 ·

1466 2993 1529 3039 d*
