2020 3236
182 1052 238 1092 10

185 1498 240 1538 15

187 1943 243 1983 20

269 115 378 167 272
739 114 1180 157 COMMENTARIA
1210 114 1493 167 ANTIQUA.

266 233 678 306 ληλόγραμμον.
753 233 846 288 καὶ
886 232 1001 288 ἐπεὶ
1041 238 1168 288 ἴσον
1209 231 1324 288 ἐστὶ
1362 230 1425 287 τὸ
1467 236 1660 288 ΚΛΝ
1689 236 1970 306 τρίγωνον

266 324 341 399 τῷ
381 329 509 378 ΛΠ
541 320 1127 397 παραλληλογράμμῳ,
1179 319 1335 393 ἤχθω
1378 319 1472 377 διὰ
1512 323 1615 378 τοῦ
1652 326 1718 377 Ν
1748 323 1815 394 τῇ
1855 325 2002 389 ΛΚΙ

267 411 624 484 παράλληλος
678 408 711 483 ἡ
767 416 902 482 ΝΡ,
958 410 1054 467 διὰ
1111 410 1174 467 δὲ
1226 414 1330 467 τοῦ
1378 416 1437 466 Κ
1481 413 1547 484 τῇ
1594 407 1793 482 ΛΝὴ
1842 415 1971 465 ΚΡ·

267 501 851 575 παραλληλόγραμμον
888 498 998 574 ἄρα
1038 501 1152 557 ἐστὶ
1186 503 1245 556 τὸ
1280 506 1389 555 ΛΡ
1413 500 1506 555 καὶ
1540 498 1838 556 διπλάσιον
1868 500 1973 554 τοῦ

269 596 326 646 K
332 597 384 646 A
392 597 458 646 N
481 590 782 664 τριγώνου·
816 588 959 646 ὥστε
982 590 1076 645 καὶ
1099 593 1201 646 τοῦ
1225 595 1354 644 ΛΠ
1370 587 1974 661 παραλληλογράμμου.

271 680 741 752 ἐκβεβλήσθωσαν
798 678 868 752 δὴ
924 681 988 734 αί
1040 683 1175 749 ΛΓ,
1222 684 1347 734 ΛΠ
1395 678 1483 734 ἐπὶ
1527 677 1596 733 τὰ
1643 684 1721 749 Σ,
1768 683 1834 748 Τ,
1879 677 1973 733 καὶ

268 775 479 825 κείσθω
534 772 600 843 τῇ
651 774 768 825 ΛΓ
816 775 908 840 ἴση
955 766 990 840 ἡ
1039 773 1173 838 ΓΣ,
1220 771 1286 841 τῇ
1336 767 1400 824 δὲ
1447 763 1646 838 ΛΠὴ
1694 771 1835 836 ΠΤ,
1881 765 1973 821 καὶ

270 860 580 931 ἐπεζεύχθω
623 857 657 930 ἡ
693 864 823 914 ΣΤ·
863 858 1449 931 παραλληλόγραμμον
1481 855 1591 929 ἄρα
1623 855 1739 912 ἐστὶ
1769 858 1831 911 τὸ
1858 860 1980 910 AT

271 947 568 1004 διπλάσιον
599 950 704 1004 τοῦ
734 953 875 1002 ΛΠ·
910 945 1050 1003 ὥστε
1083 953 1209 1002 ἴσον
1240 950 1302 1002 τὸ
1336 951 1388 1001 A
1398 952 1447 1001 P
1471 949 1546 1020 τῷ
1574 950 1704 1001 ΛΣ.
1760 948 1875 1001 ἔστι
1910 943 1973 999 δὲ

270 1035 420 1111 αὐτῷ
458 1037 551 1092 καὶ
584 1035 890 1108 ἰσογώνιον
924 1035 1018 1091 διὰ
1051 1039 1112 1091 τὸ
1137 1034 1235 1100 τὰς
1259 1038 1396 1108 πρὸς
1419 1038 1494 1111 τῷ
1523 1039 1575 1091 Λ
1599 1037 1808 1106 γωνίας
1831 1030 1970 1089 κατὰ

271 1125 531 1199 κορυφὴν
563 1125 737 1192 οὔσας
769 1133 891 1191 ἴσας
923 1122 1088 1181 εἶναι·
1129 1127 1243 1181 τῶν
1276 1124 1339 1180 δὲ
1375 1130 1514 1180 ἴσων
1537 1123 1631 1179 καὶ
1656 1126 1973 1194 ἰσογωνίων

272 1214 871 1288 παραλληλογράμμων
919 1211 1404 1270 ἀντιπεπόνθασιν
1451 1215 1514 1268 αἱ
1551 1211 1677 1284 περὶ
1715 1212 1814 1277 τὰς
1853 1217 1977 1276 ἴσας

272 1309 483 1376 γωνίας
543 1308 801 1377 πλευραί·
867 1307 1018 1358 ἔστιν
1074 1301 1208 1375 ἄρα,
1272 1299 1345 1368 ὡς
1398 1298 1432 1373 ἡ
1487 1305 1600 1356 ΚΛ
1654 1303 1795 1373 πρὸς
1847 1305 1975 1370 ΛΤ,

272 1395 523 1450 τουτέστι
553 1396 691 1466 πρὸς
723 1398 865 1463 ΛΣ,
898 1389 933 1462 ἡ
968 1396 1084 1446 ΛΛ
1114 1393 1253 1464 πρὸς
1285 1395 1422 1462 ΛΝ,
1453 1389 1548 1445 καὶ
1571 1393 1633 1446 τὸ
1657 1386 1766 1445 ὑπὸ
1791 1393 1983 1445 ΚΛΝ

275 1491 400 1539 ἴσον
441 1482 556 1538 ἐστὶ
595 1484 670 1557 τῷ
710 1479 819 1537 ὑπὸ
853 1486 1046 1537 ΛΛΣ.
1115 1481 1208 1536 καὶ
1247 1480 1363 1536 ἐπεὶ
1405 1482 1572 1551 διπλῆ
1606 1480 1757 1535 ἐστιν
1789 1476 1823 1550 ἡ
1859 1484 1981 1534 ΛΣ

271 1574 368 1643 τῆς
408 1575 536 1641 ΛΓ,
576 1571 639 1626 τὸ
681 1568 789 1625 ὑπὸ
830 1576 887 1625 K
897 1575 1015 1625 AN
1055 1567 1355 1625 διπλάσιόν
1396 1570 1511 1624 ἐστι
1548 1571 1651 1624 τοῦ
1690 1572 1877 1624 ΛΛΓ.

385 1658 483 1715 ἐὰν
531 1659 594 1714 δὲ
640 1657 674 1730 ἡ
714 1658 817 1731 μὲν
858 1663 974 1714 ΛΓ
1005 1662 1072 1732 τῇ
1113 1665 1237 1713 ΛΠ
1271 1660 1386 1714 ἐστι
1424 1656 1797 1731 παράλληλος,
1836 1654 1870 1729 ἡ
1914 1656 1977 1712 δὲ

273 1755 391 1805 ΓΠ
415 1758 481 1822 τῇ
509 1753 624 1803 ΛΛ
655 1750 730 1820 μή
762 1750 877 1804 ἐστι
907 1747 1281 1820 παράλληλος,
1315 1747 1607 1819 τραπέζιον
1640 1746 1743 1818 μὲν
1774 1749 1975 1818 δηλον-

275 1839 359 1895 ότι
400 1839 515 1894 ἐστὶ
554 1841 615 1894 τὸ
656 1841 917 1906 ΛΓΠΛ,
963 1837 1056 1891 καὶ
1105 1834 1283 1901 οὕτως
1324 1836 1390 1891 δέ
1434 1857 1595 1907 φημι,
1637 1833 1721 1891 ὅτι
1758 1837 1821 1891 τὸ
1859 1833 1969 1891 ὑπο

276 1932 464 1982 ΚΛΝ
507 1934 632 1982 ἴσον
682 1926 796 1981 ἐστὶ
843 1928 919 2001 τῷ
967 1922 1079 1980 ὑπὸ
1120 1930 1238 1979 ΛΛ
1277 1925 1369 1979 καὶ
1410 1924 1841 1996 συναμφοτέρου
1879 1926 1978 1995 τῆς

277 2021 409 2086 ΓΛ,
450 2021 582 2071 ΛΠ.
675 2014 774 2071 ἐὰν
829 2014 934 2087 γὰρ
988 2015 1052 2070 τὸ
1109 2013 1210 2085 μὲν
1267 2019 1375 2068 ΛΡ
1424 2011 1838 2085 ἀναπληρωθῇ,
1903 2010 1977 2078 ὡς

274 2108 626 2177 προείρηται,
668 2105 986 2174 ἐκβληθῶσι
1027 2100 1089 2158 δὲ
1127 2102 1221 2157 καὶ
1262 2104 1323 2156 αι’
1361 2105 1490 2172 ΛΓ,
1523 2106 1666 2172 ΛΠ,
1705 2101 1799 2156 καὶ
1837 2103 1975 2173 τεθῇ

274 2199 340 2268 τῇ
389 2193 491 2266 μὲν
540 2199 664 2248 ΛΠ
705 2199 796 2262 ἴση
845 2189 879 2263 ἡ
928 2196 1062 2262 ΓΣ,
1108 2193 1175 2263 τῇ
1225 2190 1287 2246 δὲ
1328 2195 1447 2245 ΛΓ
1483 2187 1518 2261 ἡ
1558 2195 1692 2261 ΠΤ,
1730 2189 1824 2245 καὶ
1864 2191 1975 2246 ἐπι-

277 2285 480 2356 ζευχθῇ
528 2279 562 2353 ἡ
611 2286 746 2351 ΣΤ,
793 2279 1377 2352 παραλληλόγραμμον
1425 2283 1577 2334 ἔσται
1623 2278 1687 2334 τὸ
1734 2284 1857 2333 ΛΤ
1895 2281 1977 2334 δι-

219 2387 243 2427 5
276 2371 517 2427 πλάσιον
555 2379 658 2426 τοῦ
704 2376 851 2440 ΛΠ,
899 2369 992 2424 καὶ
1039 2367 1073 2440 ἡ
1122 2366 1402 2434 ἀπόδειξις
1451 2365 1484 2439 ἡ
1535 2365 1675 2438 αὐτὴ
1725 2365 1975 2439 ἁρμόσει.

276 2458 635 2532 χρησιμεύσει
677 2458 739 2514 δὲ
777 2462 942 2514 τοῦτο
984 2461 1063 2523 εἰς
1100 2457 1163 2513 τὸ
1205 2458 1343 2528 ἑξῆς.

961 2579 1078 2641 Είς
1115 2574 1184 2632 τὸ
1225 2573 1297 2631 ν’.

390 2670 469 2722 Ae
497 2665 731 2732 πτώσεις
752 2665 957 2721 τούτου
980 2668 1082 2721 τοῦ
1105 2663 1470 2737 θεωρήματος
1497 2661 1761 2728 ὡσαύτως
1784 2665 1976 2734 ἔχουσι

277 2768 397 2823 ταῖς
431 2759 534 2812 τοῦ
572 2755 688 2827 μγ’,
729 2752 933 2826 ὁμοίως
973 2753 1035 2809 δὲ
1073 2754 1165 2809 καὶ
1205 2752 1292 2809 ἐπὶ
1331 2756 1433 2808 τοῦ
1470 2752 1580 2807 να’.

383 2842 714 2904 ’1.’ἐστίῖᾫψ
867 2858 1112 2916 τρίγωνον]
1155 2871 1244 2902 om.
1277 2872 1320 2913 p.
1474 2860 1516 2900 2.
1559 2855 1684 2913 AH]
1725 2856 1823 2898 ΛΠ
1859 2854 1973 2909 Wp,

280 2933 395 2964 corr.
422 2919 596 2965 Comm.
705 2922 745 2963 4,
782 2914 906 2963 ἐστίν
939 2918 1013 2962 W.
1122 2921 1163 2962 5.
1198 2916 1374 2975 ΚΛΝ]
1408 2921 1448 2961 Λ
1479 2929 1618 2972 supra
1650 2928 1735 2958 scr.
1761 2928 1822 2959 m.
1850 2918 1873 2957 1
1898 2911 1976 2956 W.
