2046 3256
259 155 371 209 262
733 157 1174 202 COMMENTARLA
1203 158 1487 213 ANTIQUA.

255 264 304 341 ξ·
352 271 386 346 ἢ
435 272 541 347 γὰρ
582 273 785 347 μεταξὺ
822 278 936 331 τῶν
976 281 1043 347 Β,
1083 282 1139 331 Δ
1178 273 1211 348 ἢ
1253 278 1340 332 ἐπὶ
1379 276 1443 333 τὸ
1485 282 1532 332 Β
1572 279 1757 333 πίπτει
1795 274 1829 349 ἢ
1871 299 1963 350 με-

255 362 392 430 ταξὺ
437 366 551 419 τῶν
597 369 670 434 Β,
719 369 764 418 Ζ
810 359 845 435 ἢ
895 364 985 420 ἐπὶ
1030 363 1093 420 τὸ
1144 371 1189 419 Ζ
1228 361 1262 436 ἢ
1310 363 1514 437 μεταξὺ
1561 374 1676 422 τῶν
1717 372 1786 438 Ζ,
1834 371 1887 437 Γ
1926 365 1961 438 ἢ

257 452 345 508 ἐπὶ
391 451 452 508 τὸ
504 457 558 508 Γ
594 448 631 524 ἢ
679 451 884 524 μεταξὺ
928 454 1043 509 τῶν
1081 458 1153 524 Γ,
1194 461 1268 509 Α·
1315 454 1410 509 καὶ
1457 454 1545 510 ἐπὶ
1590 454 1810 512 τούτων
1847 458 1963 511 τῶν

256 540 521 597 πτώσεων
568 546 866 613 συμβαίνει
910 540 1014 614 τὴν
1064 541 1348 616 διαφοροὶν
1394 546 1508 599 τῶν
1556 548 1747 614 ΛΒΓ,
1785 548 1970 600 ΗΘΚ

197 647 223 687 5
256 630 549 703 τριγώνων
581 631 871 703 κατωτέρω
904 635 1283 687 συνίστασθαι
1314 641 1411 704 τῆς
1442 638 1554 688 AB
1585 630 1813 700 εὐθείας
1847 630 1958 689 ὑπὸ

253 722 351 791 τῆς
390 724 507 776 ΛΓ
537 721 958 792 ἐκβαλλομένης.

367 807 467 865 ἐὰν
507 808 570 865 δὲ
608 808 672 865 τὸ
711 815 778 864 Η
808 810 896 865 ἐπὶ
935 808 1002 865 τὰ
1043 811 1201 884 ἕτερα
1241 811 1378 883 μέρη
1412 813 1608 884 ληφθῇ
1640 813 1738 882 τῆς
1767 820 1960 884 τομῆς,

253 897 346 953 καὶ
392 896 427 970 ἡ
475 896 585 955 ἀπὸ
633 908 735 955 τοῦ
783 905 844 956 Η
885 903 951 972 τῇ
994 906 1098 954 ΕΖ
1145 898 1499 972 παράλληλος
1547 898 1750 972 μεταξὺ
1789 905 1959 974 πίπτῃ

253 990 368 1043 τῶν
408 993 482 1059 Β,
524 994 593 1060 Ζ,
635 988 1042 1060 ἐκβληθήσεται
1082 988 1184 1061 μὲν
1226 989 1319 1044 διὰ
1353 989 1457 1060 τὴν
1498 987 1812 1062 ἀπόδειξιν,
1860 992 1962 1057 ἕως

167 1093 222 1133 10
255 1068 324 1131 οὗ
370 1077 504 1150 τέμῃ
555 1076 660 1149 τὴν
701 1082 833 1148 ΛΓ,
881 1076 943 1134 τὸ
992 1077 1055 1134 δὲ
1105 1084 1152 1133 Θ
1199 1090 1431 1150 σημεῖον
1471 1079 1691 1150 ποιήσει
1730 1077 1961 1146 πτώσεις

254 1154 284 1231 ξ
320 1164 354 1236 ἢ
398 1165 602 1236 μεταξὺ
643 1162 710 1223 ὂν
749 1170 863 1223 τῶν
899 1173 962 1239 Β,
995 1173 1041 1222 Ζ
1080 1164 1115 1239 ἢ
1156 1167 1244 1223 ἐπὶ
1282 1168 1345 1223 τὸ
1380 1174 1424 1223 Ζ
1457 1179 1659 1225 πῖπτον
1690 1165 1725 1241 ἢ
1759 1169 1962 1241 μεταξὺ

251 1258 367 1311 τῶν
417 1262 488 1327 Ζ,
522 1261 576 1311 Γ
614 1252 647 1327 ἢ
699 1256 786 1312 ἐπὶ
828 1258 892 1312 τὸ
935 1262 989 1312 Γ
1027 1253 1062 1328 ἢ
1103 1256 1306 1328 μεταξὺ
1344 1260 1459 1313 τῶν
1498 1261 1568 1329 Γ,
1602 1264 1655 1313 A
1693 1254 1728 1330 ἢ
1769 1257 1858 1314 ἐπὶ
1895 1261 1959 1314 τὸ

254 1351 307 1398 A
354 1340 388 1415 ἢ
438 1346 681 1418 ἐξωτέρω
730 1354 834 1401 τοῦ
882 1355 949 1402 A.
1029 1344 1129 1401 ἐὰν
1177 1346 1239 1401 δὲ
1286 1343 1320 1419 ἡ
1362 1344 1470 1411 ἀπὸ
1510 1349 1615 1402 τοῦ
1652 1352 1713 1402 Η
1747 1355 1814 1421 τῇ
1856 1353 1960 1402 ΕΖ
2017 1392 2027 1401 .

253 1432 611 1506 παράλληλος
650 1434 737 1490 ἐπὶ
776 1433 839 1490 τὸ
882 1441 928 1489 Ζ
966 1439 1155 1509 πίπτῃ,
1196 1433 1336 1491 ὥστε
1374 1439 1509 1507 μίαν
1549 1433 1783 1492 εὐθεῖαν
1815 1433 1960 1492 εἶναι

166 1537 219 1577 15
253 1520 355 1593 τὴν
396 1528 591 1594 ΕΖΗ,
638 1527 700 1579 τὸ
741 1530 787 1579 Θ
835 1535 1067 1596 σημεῖον
1114 1523 1335 1596 ποιήσει
1381 1526 1617 1591 πτώσεις
1665 1531 1710 1580 ἓ·
1766 1521 1801 1596 ἢ
1849 1524 1959 1597 γὰρ

253 1610 455 1681 μεταξὺ
500 1634 614 1668 των
656 1619 726 1684 Ζ,
760 1618 812 1669 Γ
841 1624 1086 1669 πεσεῖται
1127 1608 1161 1685 ἢ
1203 1613 1290 1668 ἐπὶ
1329 1614 1393 1669 τὸ
1437 1619 1491 1669 Γ
1520 1610 1554 1685 ἢ
1594 1612 1800 1686 μεταξὺ
1839 1634 1955 1670 των

252 1704 323 1771 Γ,
354 1708 408 1755 Α
453 1698 487 1772 ἢ
537 1701 625 1756 ἐπὶ
671 1701 733 1757 τὸ
775 1710 828 1757 Α
867 1699 900 1774 ἢ
942 1704 1185 1776 ἐξωτέρω
1226 1705 1326 1758 τοῦ
1366 1709 1433 1760 Α.
1512 1701 1612 1759 ἐὰν
1653 1702 1716 1759 δὲ
1754 1700 1789 1774 ἡ
1830 1707 1959 1758 ΗΚ

252 1788 456 1859 μεταξὺ
499 1795 668 1863 πίπτῃ
715 1812 828 1847 των
878 1797 948 1863 Ζ,
982 1796 1054 1862 Γ,
1101 1789 1163 1847 τὸ
1214 1797 1261 1847 Θ
1298 1793 1519 1863 ποιήσει
1557 1793 1857 1859 πτώσειςε
1866 1810 1952 1863 η

251 1876 359 1951 γὰρ
406 1877 610 1950 μεταξὺ
655 1883 769 1935 τῶν
819 1886 888 1951 Ζ,
922 1885 976 1935 Γ
1007 1890 1252 1935 πεσεῖται
1291 1877 1325 1951 ἢ
1368 1881 1455 1936 ἐπὶ
1493 1879 1556 1937 τὸ
1596 1886 1650 1937 Γ
1681 1878 1716 1952 ἢ
1755 1880 1959 1953 μεταξὺ

164 1982 222 2022 20
253 1970 367 2023 τῶν
414 1973 482 2038 Γ,
521 1976 574 2024 A
621 1965 655 2040 ἢ
705 1968 794 2024 ἐπὶ
839 1967 902 2024 τὸ
952 1977 1006 2023 Α
1044 1965 1078 2040 ἢ
1121 1969 1363 2042 ἐξωτέρω
1402 1972 1505 2025 τοῦ
1543 1976 1610 2025 A.
1690 1971 1788 2026 ἐὰν
1829 1967 1952 2026 δὲ“’
1923 1993 1957 2042 η

251 2059 376 2111 ΗΚ
419 2057 505 2111 ἐπὶ
555 2056 616 2113 τὸ
667 2063 721 2113 Γ
750 2058 985 2129 κέντρον
1032 2062 1227 2131 πίπτῃ,
1273 2057 1336 2114 τὸ
1379 2064 1426 2114 Θ
1465 2068 1696 2130 σημεῖον
1735 2057 1958 2130 ποιήσει

252 2145 486 2211 πτώσεις
532 2157 679 2219 τρεῖς
725 2143 760 2218 ἢ
809 2144 1013 2218 μεταξὺ
1057 2159 1260 2203 πῖπτον
1307 2150 1421 2203 τῶν
1469 2152 1541 2219 Γ,
1581 2154 1635 2203 A
1680 2144 1714 2219 ἢ
1763 2148 1852 2203 ἐπὶ
1891 2146 1954 2204 τὸ

252 2241 306 2288 Α
351 2231 385 2306 ἢ
435 2236 677 2308 ἐξωτέρω
725 2239 828 2291 τοῦ
874 2244 950 2292 A·
996 2237 1089 2291 καὶ
1138 2237 1227 2292 ἐπὶ
1274 2235 1489 2292 τούτων
1535 2239 1650 2292 τῶν
1688 2238 1955 2294 πτώσεων

253 2325 594 2395 συμβήσεται
640 2325 810 2381 πάλιν
857 2323 919 2380 τὸ
966 2330 1149 2381 ΗΘΚ
1191 2328 1472 2398 τρίγωνον
1520 2333 1646 2381 ἴσον
1693 2329 1955 2397 γίνεσθαι

161 2425 219 2466 25
251 2414 327 2487 τῷ
370 2417 539 2467 ΛΒΓ
569 2413 839 2489 τριγώνῳ.
916 2413 1016 2470 ἐὰν
1057 2413 1119 2469 δὲ
1157 2411 1190 2485 ἡ
1232 2418 1356 2468 ΗΚ
1391 2415 1595 2485 μεταξὺ
1632 2418 1799 2487 πίπτῃ
1839 2418 1954 2470 τῶν

252 2505 324 2572 Γ,
358 2507 437 2572 Α,
484 2502 547 2557 τὸ
598 2509 645 2558 Θ
691 2514 923 2574 σημεῖον
970 2500 1005 2574 ἢ
1053 2502 1256 2575 μεταξὺ
1293 2505 1406 2558 τῶν
1446 2508 1510 2575 Γ,
1544 2511 1599 2558 A
1634 2515 1878 2559 πεσεῖται
1918 2500 1952 2575 ἢ

253 2590 341 2645 ἐπὶ
379 2589 440 2646 τὸ
482 2597 535 2645 Α
573 2586 608 2662 ἢ
650 2592 892 2662 ἐξωτέρω
932 2601 1035 2648 τοῦ
1074 2599 1142 2648 A.

365 2684 660 2751 συμβαίνει
701 2674 806 2736 οὖν
846 2682 941 2735 ἐπί
965 2702 1117 2746 τινος
1149 2683 1441 2747 ἐλλείψεως
1472 2682 1571 2746 τὰς
1600 2679 1781 2746 πάσας
1810 2679 1953 2736 πτώ-

257 2783 372 2833 σεις
421 2766 566 2824 εἶναι
609 2759 685 2841 {a}
722 2770 815 2824 καὶ
855 2770 942 2824 ἐπὶ
981 2773 1079 2841 τῆς
1117 2773 1219 2826 τοῦ
1255 2771 1465 2825 κύκλου
1505 2768 1567 2824 δὲ
1604 2772 1956 2841 περιφερείας

376 2907 415 2946 5.
449 2902 554 2961 τῆς]
591 2903 770 2960 scripsi,
803 2900 887 2954 τάς
917 2902 1033 2959 Wp.
1142 2909 1186 2948 6.
1215 2903 1335 2961 ΛΓ]
1370 2901 1549 2960 scripsi,
1582 2906 1664 2946 AB
1697 2900 1831 2974 Wp.
1906 2905 1949 2946 8.

256 2961 422 3019 πίπτῃ]
458 2962 638 3020 scripsi,
671 2964 832 3007 πίπτει
863 2961 976 3019 Wp.
1135 2967 1202 3007 10.
1235 2962 1351 3020 ΛΓ]
1384 2965 1475 3006 ΑΓ
1500 2976 1545 3018 p.
1702 2966 1770 3007 11.
1805 2977 1861 3006 ον
1895 2985 1951 2994 -
