2046 3256
239 133 309 186 76
903 137 1182 183 ΚΩΝῙΚΩΝ
1213 135 1276 186 δ’.

235 253 511 327 πρότερον
561 253 654 310 διὰ
694 254 797 327 μὲν
836 256 938 328 τὴν
978 257 1172 331 ἑτέραν
1209 257 1414 330 τομήν,
1462 256 1539 324 ὡς
1574 255 1610 330 ἡ
1649 259 1759 322 ΞΔ
1794 258 1935 330 πρὸς

237 350 373 416 ΔΖ,
412 341 447 416 ἡ
487 347 599 408 ΞΚ
633 344 774 416 πρὸς
812 351 947 418 ΚΖ,
996 345 1090 402 διὰ
1130 346 1193 403 δὲ
1230 347 1334 419 τὴν
1372 346 1592 419 ἑτέραν,
1637 343 1713 413 ὥς
1749 344 1785 419 ἡ
1823 348 1933 411 ΞΔ

236 432 379 506 πρὸς
415 440 544 505 ΔΖ,
584 432 618 506 ἡ
659 436 778 498 ,ΞΗ
807 436 947 509 πρὸς
975 440 1111 491 ΗΖ·
1152 434 1286 508 ὅπερ
1326 433 1626 492 ἀδύνατον.
1690 432 1793 492 οὐκ
1823 457 1934 509 αρα

237 520 272 595 ἡ
313 524 664 597 ἀντικειμένη
706 537 1075 598 συμπεσεῖται.

176 712 202 752 5
1025 688 1146 762 μθ’.

345 793 479 851 Ἐὰν
518 793 800 868 ὑπερβολὴ
840 797 968 867 μιᾶς
1005 802 1117 850 τῶν
1149 791 1548 865 ἀντικειμένων
1581 792 1932 864 ἐφαπτομένη

235 881 369 939 καθ’
428 885 620 957 ἕτερον
671 880 811 956 αὐτῇ
860 894 1091 955 σημεῖον
1139 886 1447 955 συμπίπτῃ,
1500 879 1535 952 ἡ
1581 878 1934 952 ἀντικειμένη

291 972 613 993 ΝΝΝΝΝ
771 976 794 987 ¹⁸
891 969 904 990 2
1912 965 1926 985 ἱ

235 1066 467 1118 πλείονα
507 1072 705 1133 σημεῖα
741 1058 775 1133 ἢ
817 1062 894 1117 ἕν.

150 1171 205 1212 10
350 1155 600 1207 ἔστωσαν
648 1147 1025 1222 ἀντικείμεναι
1072 1152 1134 1205 αἱ
1168 1154 1350 1221 ΑΒΓ,
1390 1154 1588 1221 ΕΖΗ,
1633 1148 1727 1204 καὶ
1771 1145 1933 1219 ὑπερ-

236 1239 376 1314 βολή
416 1260 498 1304 τις
536 1235 571 1310 ἡ
606 1244 724 1293 ΛΑ
735 1243 788 1293 Γ
820 1239 1152 1311 ἐφαπτέσθω
1186 1238 1287 1310 μὲν
1319 1237 1457 1295 κατὰ
1486 1238 1550 1295 τὸ
1582 1245 1654 1310 A,
1692 1239 1932 1311 τεμνέτω

239 2101 301 2158 δὲ
340 2100 478 2158 κατὰ
517 2100 579 2158 τὸ
613 2107 676 2173 Γ,
708 2101 800 2158 καὶ
833 2106 971 2158 ἔστω
1002 2109 1070 2175 τῇ
1103 2107 1282 2157 ΔΑΓ
1307 2099 1655 2173 ἀντικειμένη
1688 2097 1723 2172 ἡ
1757 2105 1932 2157 ΕΖΘ.

237 2191 411 2262 λέγω,
460 2188 545 2247 ὅτι
585 2188 654 2246 οὐ
691 2201 1046 2262 συμπεσεῖται
1085 2193 1151 2263 τῇ
1198 2191 1357 2265 ἑτέρᾳ
1403 2187 1752 2262 ἀντικειμένῃ
1790 2187 1928 2245 κατὰ

238 2284 471 2335 πλείονα
511 2289 711 2351 σημεῖα
750 2278 784 2350 ἢ
827 2280 904 2335 ἕν.

149 2387 203 2428 15
349 2371 401 2423 εἰ
443 2366 551 2439 γὰρ
600 2366 872 2438 δυνατόν,
921 2367 1276 2439 συμβαλλέτω
1322 2365 1457 2422 κατὰ
1499 2364 1604 2422 δύο
1651 2364 1827 2436 vde-E,
1867 2372 1930 2437 Ζ,

235 2456 330 2512 καὶ
360 2453 670 2527 ἐπεζεύχθω
710 2453 744 2526 ἡ
777 2461 900 2527 ΕΖ,
939 2456 1032 2511 καὶ
1072 2455 1166 2511 διὰ
1206 2458 1307 2511 τοῦ
1340 2462 1392 2511 A
1432 2455 1782 2527 ἐφαπτομένη
1814 2463 1928 2511 τῶν

234 2547 422 2617 τομῶν
460 2541 621 2615 ἤχθω
660 2541 695 2614 ἡ
735 2549 866 2599 ΑΚ.

346 2630 471 2704 ἤτοι
512 2631 580 2702 δὴ
622 2631 971 2703 παράλληλοί
1005 2634 1149 2687 εἰσιν
1189 2628 1223 2702 ἢ
1266 2631 1348 2686 οὔ.

349 2724 597 2776 ἔστωσαν
643 2720 917 2792 πρότερον
960 2719 1331 2792 παράλληλοι,
1375 2720 1468 2774 καὶ
1507 2718 1664 2791 ἤχθω
1705 2717 1739 2791 ἡ
1781 2722 1928 2791 διχο-

355 2873 396 2913 2.
431 2864 513 2912 ὃιά
546 2894 600 2900 -
635 2872 675 2912 3.
710 2866 820 2925 ΗΖ]
852 2881 898 2923 p,
932 2880 1020 2912 om.
1045 2867 1101 2912 V.
1239 2872 1279 2911 4.
1312 2863 1341 2923 ἡ
1375 2863 1678 2924 ἀντικειμένη
1710 2870 1766 2925 τῇ
1798 2861 1927 2911 ἀντι-

234 2926 428 2985 κειμένῃ
460 2942 505 2984 p.
