2046 3256
260 135 333 189 62
929 136 1208 182 ΚΩΝΙΚῼΝ
1239 134 1302 181 δ’.

257 253 351 310 διὰ
383 253 486 326 τὴν
519 259 692 310 ΑΒΓ
722 252 1042 329 ὑπερβολὴν
1082 251 1216 311 οὐδὲ
1246 257 1312 328 τῇ
1349 260 1401 310 Ε
1436 251 1788 330 ἀντικειμένῃ
1825 271 1958 329 συμ-

255 346 453 399 πίπτει.
542 340 676 398 οὐδὲ
718 339 750 414 ἡ
790 349 844 398 Ε
878 341 988 415 ἄρα
1025 352 1091 417 τῇ
1135 349 1180 398 Ζ
1220 354 1590 415 συμπεσεῖται.

1052 535 1165 607 μβ’·

361 643 492 701 Ἐἀν
524 643 804 719 ὑπερβολὴ
833 646 1062 721 ἑκατέρᾳ
1085 656 1198 703 τῶν
1229 645 1629 720 ἀντικειμένων
1655 652 1953 722 συμπίπτῃ,

195 751 221 791 5
254 731 288 806 ἡ
337 731 687 807 ἀντικειμένη
736 732 876 809 αὐτῇ
923 734 1189 812 οὐδετέρᾳ
1227 739 1341 793 τῶν
1380 726 1779 810 ἀντικειμένων
1819 754 1953 810 συμ-

252 835 498 880 πεσεῖται
537 823 676 879 κατὰ
718 822 821 880 δύο
863 835 1077 896 σημεῖα.

366 917 614 970 ἔστωσαν
661 911 1034 986 ἀντικείμεναι
1074 915 1137 969 αἱ
1172 921 1237 987 Α,
1270 920 1344 985 Β,
1383 914 1477 970 καὶ
1516 911 1550 986 ἡ
1590 919 1752 971 ΑΓΒ
1790 914 1951 990 ὑπερ-

251 1001 390 1074 βολὴ
448 1003 797 1075 συμπιπτέτω
861 1003 1090 1077 ἑκατέρᾳ
1143 1006 1256 1058 τῶν
1311 1010 1392 1075 A,
1439 1008 1486 1057 Β
1541 1000 1953 1076 ἀντικειμένων.

251 1091 421 1163 λέγω,
471 1089 555 1148 ὅτι
595 1089 629 1164 ἡ
677 1095 742 1166 τῇ
784 1097 946 1148 ΑΓΒ
988 1089 1340 1165 ἀντικειμένη
1384 1090 1452 1148 οὐ
1493 1091 1799 1165 συμβάλλει
1835 1104 1956 1159 ταῖς

168 1196 223 1237 10
253 1188 325 1251 Α,
364 1187 412 1236 Β
451 1192 647 1253 τομαῖς
683 1180 823 1237 κατὰ
863 1180 968 1237 δύο
1009 1192 1223 1253 σημεῖα.

366 1275 417 1326 εἰ
459 1268 566 1344 γὰρ
614 1270 886 1342 δυνατόν,
935 1271 1294 1343 συμβαλλέτω
1342 1270 1480 1326 κατὰ
1520 1268 1588 1325 τὰ
1630 1277 1708 1342 Δ,
1741 1277 1817 1342 Ε,
1862 1272 1954 1327 καὶ.

253 1361 637 1432 ἐπιζευχθεῖσα
691 1357 725 1431 ἧ
784 1366 901 1415 ΔΕ
952 1358 1327 1431 ἐκβεβλήσθω.
1417 1357 1510 1414 διὰ
1567 1358 1669 1430 μὲν
1726 1358 1795 1431 δὴ
1850 1358 1955 1432 τὴν

252 1455 368 1504 ΔΕ
400 1447 576 1521 τομὴν
618 1446 686 1504 οὐ
718 1459 1075 1520 συμπεσεῖται
1107 1445 1141 1520 ἦ
1176 1454 1294 1503 ΔΕ
1322 1445 1520 1503 εὐθεῖα
1550 1456 1617 1520 τῇ
1649 1454 1763 1503 ΑΒ
1794 1451 1953 1522 τομῇ,

253 1538 349 1601 διὰ
389 1538 451 1594 δὲ
488 1539 593 1609 τὴν
634 1543 806 1592 ΑΕΔ
847 1537 916 1592 οὐ
957 1547 1313 1608 συμπεσεῖται
1352 1539 1417 1609 τῇ
1458 1541 1530 1590 Β·
1571 1534 1665 1592 διὰ
1697 1535 1804 1610 γὰρ
1835 1540 1950 1594 τῶν

166 1640 220 1698 15
252 1629 423 1700 τριῶν
471 1625 660 1682 τόπων
709 1625 1012 1681 ἐλεύσεται·
1065 1624 1198 1699 ὅπερ
1246 1622 1544 1682 ἀδύνατον.
1630 1623 1835 1696 ὁμοίως
1882 1623 1952 1697 δὴ

253 1715 634 1787 δειχθήσεται,
690 1712 775 1770 ὅτι
831 1711 966 1770 οὐδὲ
1018 1717 1083 1787 τῇ
1132 1720 1179 1768 Β
1228 1722 1368 1787 τομῇ
1416 1712 1554 1769 κατὰ
1603 1716 1706 1769 δύο
1754 1724 1952 1786 σημεῖα

252 1814 626 1875 συμπεσεῖται.

364 1893 458 1948 διὰ
514 1890 582 1946 τὰ
630 1889 770 1947 αὐτὰ
821 1893 891 1963 δὴ
943 1888 1077 1947 οὐδὲ
1124 1890 1395 1962 ἐφάψεται
1445 1890 1703 1960 ἑκατέρας
1749 1887 1950 1946 αὐτῶν.

250 1979 556 2052 ἀγαγόντες
609 1982 716 2052 γὰρ
770 1979 1158 2047 ἐπιψαύουσαι)
1201 1978 1304 2050 τὴν
1352 1985 1460 2034 ΘΕ
1503 1977 1799 2050 ἐφάπτεται
1846 1978 1950 2050 μὲν

161 2085 218 2125 20
251 2067 390 2141 αὕτη
433 2070 689 2142 ἑκατέρας
728 2071 840 2124 τῶν
879 2071 1087 2140 τομῶν·
1131 2066 1270 2124 ὥστε
1312 2066 1405 2122 διὰ
1445 2067 1548 2138 μὲν
1587 2066 1689 2138 τὴν
1727 2072 1845 2122 ΔΕ
1879 2065 1948 2123 οὐ

251 2169 608 2229 συμπεσεῖται
663 2162 728 2231 τῇ
777 2163 911 2228 ΑΓ,
970 2156 1062 2212 διὰ
1111 2156 1174 2212 δὲ
1219 2154 1322 2227 τὴν
1369 2162 1484 2211 ΑΕ
1528 2153 1595 2211 οὐ
1643 2154 1950 2227 συμβάλλει

248 2249 316 2318 τῇ
353 2253 414 2302 Β.
493 2244 632 2302 ὥστε
680 2243 814 2302 οὐδὲ
860 2243 893 2317 ἡ
935 2251 1049 2301 ΑΓ
1088 2248 1153 2318 τῇ
1194 2250 1241 2299 Β
1289 2243 1615 2315 συμβάλλει’
1663 2240 1798 2314 ὅπερ
1846 2240 1948 2315 οὐχ

248 2331 548 2390 ὑπόκειται.

1047 2450 1159 2522 μνῖ

158 2554 215 2624 ’25
354 2560 485 2618 Ἐὰν
532 2560 812 2633 ὑπερβολη
865 2562 1129 2633 ἑκατέραν
1174 2562 1287 2616 τῶν
1335 2555 1734 2630 ἀντικειμένων
1774 2559 1945 2632 τέμνῃ

246 2650 383 2707 κατὰ
424 2650 527 2707 δύο
561 2662 762 2722 σημεῖα
795 2648 1246 2723 ἀντεστραμμένα
1279 2651 1483 2719 ἔχουσα
1513 2646 1650 2720 πρὸς
1681 2647 1944 2720 ἑκατέραν

369 2819 410 2858 2.
445 2815 498 2870 Z]
530 2829 577 2870 p,
611 2827 700 2858 om.
727 2811 897 2856 lacuna
922 2817 948 2856 8
980 2812 1071 2856 litt.
1097 2810 1265 2856 relicta
1296 2810 1350 2856 V.
1474 2815 1513 2855 9.
1547 2809 1699 2867 ΑΓΒ]
1735 2821 1849 2853 corr.
1883 2821 1940 2852 ex

247 2877 329 2918 AB
355 2888 414 2917 m
435 2878 522 2929 lp,
555 2877 636 2916 AB
663 2872 717 2918 V.
797 2869 1095 2943 ·11.τα’]ορ,
1128 2883 1216 2915 om.
1234 2868 1290 2916 V.
1386 2873 1454 2914 13.
1489 2871 1582 2912 AE
1602 2867 1730 2927 (pr.)]
1742 2881 1858 2939 cvp
1890 2868 1939 2910 et

247 2934 455 2978 renouat.
474 2947 535 2977 m.
553 2945 642 2976 rec.
663 2931 719 2978 V.
813 2934 881 2975 19.
918 2927 1022 2988 μέν]
1049 2928 1331 2974 delendum?
1424 2932 1495 2972 20.
1530 2924 1671 2985 αὕτη]
1697 2923 1817 2983 αυτή
1843 2925 1937 2982 Vp.
