2034 3216
235 157 307 208 24
671 177 674 180 *
899 156 1179 201 ΚΩΝΙΚΩΝ
1211 155 1275 201 δ’.

237 275 300 331 δὲ
340 274 475 347 μήτε
521 273 614 331 διὰ
654 277 757 331 τοῦ
796 279 854 329 Κ
895 274 1030 347 μήτε
1078 273 1173 331 διὰ
1218 277 1321 331 τοῦ
1360 280 1438 345 Λ,
1485 272 1604 332 κατ’
1647 273 1933 348 ἀμφότερα

237 364 576 437 συμβήσεται
616 362 678 419 τὸ
709 362 936 420 ἄτοπον.
1000 361 1075 420 δι’
1113 361 1448 436 ἀμφοτέρων
1489 362 1598 435 ἄρα
1637 363 1933 421 ἐλεύσεται.

1051 578 1098 612 ιε
1126 601 1136 611 .

348 658 481 716 Ἐὰν
537 663 597 716 ἐν
653 659 1062 733 ἀντικειμέναις
1115 662 1310 733 ληφθῇ
1355 682 1409 715 τι
1457 671 1688 731 σημεῖον
1735 662 1936 733 μεταξὺ

180 764 206 803 5
239 752 353 806 τῶν
395 749 500 806 δύο
541 753 748 822 τομῶν,
786 750 881 805 καὶ
919 748 1012 805 ἀπ’
1051 748 1227 805 αὐτοῦ
1266 747 1293 804 v‘
1337 748 1438 821 μὲν
1472 749 1778 822 ἐφάπτηται
1809 753 1939 822 μιᾶς

237 842 354 894 τῶν
389 836 810 911 ἀντικειμένων,
858 836 892 910 ἡ
935 838 997 894 δὲ
1034 836 1205 912 τέμνῃ
1247 837 1512 910 ἑκατέραν
1549 842 1664 895 τῶν
1703 837 1939 895 ἀντικει-

242 928 456 1000 μένων,
502 929 595 984 καὶ
645 926 720 994 ὡς
767 933 876 1000 ἔχει
923 925 957 999 ἡ
999 930 1203 999 μεταξὺ
1248 931 1346 999 τῆς
1393 926 1582 999 ἑτέρας
1626 931 1822 1000 τομῆς,
1876 920 1941 999 ἧς

243 1015 346 1074 οὐκ
394 1018 693 1090 ἐφάπτεται
738 1015 773 1088 ἡ
821 1017 1043 1087 εὐθεῖα,
1091 1017 1184 1072 καὶ
1230 1020 1333 1072 τοῦ
1380 1021 1615 1089 σημείου
1660 1016 1802 1089 πρὸς
1838 1015 1941 1088 τὴν

242 1108 444 1178 μεταξὺ
482 1110 585 1163 τοῦ
626 1111 860 1179 σημείου
898 1106 991 1161 καὶ
1029 1114 1127 1178 τῆς
1166 1106 1352 1179 ἑτέρας
1389 1109 1584 1177 τομῆς,
1630 1104 1806 1172 οὕτως
1845 1109 1939 1179 ἔχῃ

155 1209 212 1250 10
244 1200 445 1268 μείζων
490 1217 574 1261 τις
621 1193 817 1252 εὐθεῖα
861 1198 959 1265 τῆς
1005 1197 1207 1267 μεταξὺ
1261 1198 1375 1250 τῶν
1420 1198 1608 1266 τομῶν
1654 1195 1794 1267 πρὸς
1821 1193 1942 1266 ,τὴν

243 1282 527 1357 ὑπεροχὴν
567 1283 740 1356 αὐτῆς
776 1283 1041 1356 κειμένην
1081 1283 1164 1340 ἐπ’
1202 1282 1429 1350 εὐθείας
1465 1304 1524 1339 τε
1568 1284 1660 1340 καὶ
1698 1281 1836 1354 πρὸς
1866 1286 1942 1358 τῷ

246 1372 396 1447 αὐτῶ
451 1373 646 1444 πέρατι
700 1377 766 1447 τῇ
817 1371 1101 1448 ὁμολόγῳ,
1158 1371 1192 1445 ἡ
1247 1371 1356 1429 ἀπὸ
1411 1377 1512 1429 τοῦ
1562 1374 1796 1445 πέρατος
1847 1374 1946 1443 τῆς

246 1467 498 1534 μείζονος
537 1460 765 1528 εὐθείας
812 1463 900 1519 ἐπὶ
946 1461 1050 1534 τὴν
1090 1460 1244 1533 ἁφὴν
1292 1461 1544 1533 ἀγομένη
1586 1472 1944 1533 συμπεσεῖται

246 1555 312 1625 τῇ
352 1555 519 1625 τομῇ,
566 1552 659 1607 καὶ
706 1549 741 1622 ἡ
781 1549 890 1607 ἀπὸ
940 1554 1038 1622 τῆς
1077 1551 1448 1622 συμπτώσεως
1488 1551 1576 1607 ἐπὶ
1615 1551 1679 1606 τὸ
1722 1549 1945 1622 ληφθὲν

161 1654 215 1695 15
250 1652 482 1713 σημεῖον
522 1639 771 1711 ἀγομένη
814 1642 1111 1711 ἐφάπτεται
1149 1643 1246 1711 τῆς
1285 1643 1469 1712 τομῆς.

361 1733 611 1784 ἔστωσαν
666 1726 1040 1800 ἀντικείμεναι
1092 1731 1154 1783 αἱ
1197 1737 1275 1798 Α,
1315 1734 1388 1799 Β,
1442 1729 1536 1784 καὶ
1590 1727 1846 1799 εἰλήφθω
1893 1749 1947 1782 τι

250 1829 479 1889 σημεῖον
527 1819 729 1889 μεταξὺ
776 1822 890 1874 τῶν
928 1822 1118 1890 τομῶν
1154 1817 1218 1874 τὸ
1259 1825 1315 1873 A
1353 1816 1512 1883 έντὸς
1548 1821 1646 1888 τῆς
1683 1815 1792 1873 ὑπὸ
1832 1824 1947 1872 τῶν

249 1905 631 1980 ἀσυμπτῶτων
678 1908 1071 1980 περιεχομένης
1115 1911 1347 1979 γωνίας,
1402 1908 1494 1962 καὶ
1549 1904 1635 1962 ἀπ’
1689 1903 1866 1962 αὐτοῦ
1910 1902 1947 1977 ἡ

251 1996 353 2068 μὲν
395 2003 450 2050 A
461 2002 505 2050 Z
555 1995 773 2069 διήχθω
823 1997 1204 2068 ἐφαπτομένη,
1259 1994 1294 2068 ἡ
1345 1995 1407 2051 δὲ
1445 2003 1499 2051 A
1511 2002 1620 2051 AB
1665 1995 1948 2068 τέμνουσα

160 2083 218 2140 2ὀ
250 2086 350 2151 τας
387 2084 585 2157 τομάς,
624 2086 717 2140 καὶ
758 2083 827 2141 ὃν
867 2090 977 2157 ἔχει
1016 2085 1189 2157 λόγον
1222 2083 1256 2157 ἡ
1289 2090 1344 2139 A
1355 2091 1411 2140 A
1441 2082 1580 2156 πρὸς
1613 2090 1743 2155 ΔΒ,
1784 2085 1947 2156 ἐχέτω

250 2172 283 2245 ἡ
321 2179 436 2229 ΑΓ
466 2173 605 2246 πρὸς
636 2179 748 2230 ΓΒ.
807 2175 1073 2245 δεικτέον,
1115 2172 1199 2230 ὅτι
1238 2171 1272 2246 ἡ
1314 2172 1424 2229 ἀπὸ
1463 2177 1565 2229 τοῦ
1599 2179 1644 2229 Ζ
1684 2173 1772 2236 ἐπὶ
1810 2171 1871 2229 τὸ
1905 2177 1959 2228 Γ

253 2263 628 2334 ἐκβαλλομένη
685 2272 1042 2334 συμπεσεῖται
1097 2266 1162 2336 τῇ
1217 2265 1388 2335 τομῇ,
1451 2262 1544 2317 καὶ
1598 2260 1633 2333 ἡ
1688 2260 1797 2318 ἀπὸ
1853 2263 1951 2333 τῆς

254 2350 627 2422 συμπτώσεως
673 2351 761 2406 ἐπὶ
807 2349 869 2406 τὸ
911 2357 966 2405 A
1013 2349 1257 2423 ἀγομένη
1306 2350 1578 2422 ἐφάψεται
1622 2352 1720 2421 τῆς
1764 2353 1951 2421 τομῆς.

365 2439 479 2495 ἐπεὶ
519 2441 627 2511 γὰρ
666 2438 728 2494 τὸ
765 2446 819 2493 A
858 2451 1090 2511 σημεῖον
1131 2438 1286 2505 ἐντός
1318 2440 1432 2495 ἐστι
1462 2442 1559 2510 τῆς
1589 2438 1952 2512 περιεχούσης

165 2551 222 2590 25
254 2528 357 2600 τὴν
404 2528 581 2599 τομὴν
619 2532 851 2599 γωνίας,
901 2529 1147 2585 δυνατόν
1195 2530 1308 2583 ἐστι
1355 2528 1447 2583 καὶ
1487 2529 1679 2600 ἑτέραν
1718 2529 1950 2599 ἐφαπτο-

256 2618 430 2690 μένην
486 2613 716 2687 ἀγαγεῖν
768 2615 874 2672 ἀπὸ
922 2620 1024 2673 τοῦ
1070 2624 1139 2674 A.
1216 2616 1375 2689 ἤχθω
1423 2615 1458 2688 ἡ
1508 2623 1644 2686 ΔΕ,
1698 2616 1791 2672 καὶ
1839 2618 1952 2671 ἐπι-

259 2711 549 2778 ζευχθεῖσα
588 2702 621 2776 ἡ
656 2712 763 2761 ΖΕ
799 2707 1067 2777 ἐρχέσθω,
1108 2709 1159 2763 εἰ
1197 2705 1463 2777 δυνατόν,
1504 2706 1578 2777 μὴ
1620 2704 1713 2762 διὰ
1752 2707 1853 2760 τοῦ
1888 2708 1953 2775 Γ,

336 2896 553 3001 Αξέζὶέχξγι
578 2897 680 2955 Vp3
716 2911 831 2943 corr,
850 2897 1032 2954 Halley.
1161 2902 1229 2942 15.
1266 2895 1507 2954 ἐφάψεται
1532 2914 1577 2955 p.
1704 2902 1771 2942 19.
1797 2895 1952 2954 ΑΔΒ]

257 2973 302 3015 p,
547 2991 555 3000 .
