2046 3256
628 203 984 248 CONIGORUM
1014 204 1196 245 LIBER
1224 205 1300 245 iv.
1733 200 1804 253 85

120 330 196 396 A,
221 330 276 379 A
315 324 580 379 sectiones
620 324 994 394 contingentes
1036 322 1297 375 ducantur
1335 325 1456 390 ΑΘ,
1481 324 1606 391 ΘΔ,
1646 320 1805 374 duca-

120 417 313 484 turque
358 418 497 482 AA,
553 416 607 466 et
650 430 747 481 per
794 415 844 464 E
888 413 1063 464 rectae
1110 412 1228 462 AA
1274 411 1536 478 parallela
1584 410 1806 463 ducatur

1159 501 1354 568 ΕΒΓ,
1426 518 1456 551 a
1518 502 1564 550 Θ
1626 501 1806 551 autem

1079 585 1081 587 ’
1204 588 1436 640 secunda
1476 587 1768 640 diametrus

1162 677 1530 746 oppositarum
1579 676 1806 728 ducatur

1161 762 1409 835 ΘΚΛ1);
1448 782 1510 816 ea
1547 764 1718 830 igitur
1749 764 1807 816 in

1160 857 1219 906 K
1238 856 1440 906 rectam
1461 857 1571 904 AA
1594 853 1651 904 in
1676 852 1807 905 duas

1163 945 1343 1011 partes
1385 942 1634 1010 aequales
1669 959 1810 994 seca-

1161 1031 1244 1085 bit
1290 1030 1392 1100 [II,
1439 1031 1548 1096 39].
1625 1029 1808 1098 itaque

63 1173 70 1193 ·.
1165 1120 1328 1173 etiam
1391 1121 1618 1186 utraque
1672 1121 1725 1169 E
1738 1120 1809 1186 B,

32 1227 33 1230 ’
121 1215 232 1265 ΕΓ
261 1213 317 1266 in
352 1215 404 1263 A
442 1213 498 1264 in
529 1212 686 1265 binas
718 1214 900 1282 partes
935 1211 1183 1280 aequales
1218 1211 1364 1262 secta
1396 1210 1478 1260 est
1518 1206 1569 1272 [I
1600 1205 1702 1258 def.
1734 1207 1810 1271 4].

62 1303 77 1337 f*
123 1319 286 1371 quare
318 1304 428 1353 BA
452 1326 521 1344 =
548 1303 674 1371 AF3
715 1300 856 1370 quod
888 1300 1006 1353 fieri
1038 1317 1147 1353 non
1178 1299 1370 1367 potest.
1439 1312 1566 1365 ergo
1606 1295 1662 1346 in
1702 1294 1810 1346 alio

121 1391 323 1459 puncto
361 1407 472 1443 non
512 1390 843 1442 concurrent.

896 1518 1042 1571 LIII.

143 1694 146 1695 ⁷
235 1622 291 1676 Si
321 1623 623 1692 hyperbola
656 1622 883 1674 alteram
915 1621 1287 1690 oppositarum
1319 1619 1377 1671 in
1409 1618 1615 1671 duobus
1646 1636 1812 1687 punc-

123 1712 194 1764 tis
227 1711 507 1781 contingit,
541 1711 707 1764 sectio
741 1710 791 1762 ei
823 1710 1076 1779 opposita
1101 1727 1222 1762 cum
1249 1709 1418 1760 altera
1444 1707 1812 1776 oppositarum

123 1817 231 1853 non
272 1801 566 1853 concurret.

237 1887 347 1940 sint
371 1887 652 1955 oppositae
677 1891 730 1938 A
739 1890 795 1938 A
803 1888 865 1954 B,
884 1890 947 1954 E,
980 1888 1034 1938 et
1057 1884 1355 1954 hyperbola
1380 1887 1433 1935 A
1443 1885 1495 1935 Γ
1521 1883 1813 1935 sectionem

125 1978 297 2027 AAB
335 1976 392 2027 in
431 1975 638 2028 duobus
678 1974 895 2043 punctis
934 1978 1010 2042 A,
1041 1977 1088 2025 B
1138 1973 1441 2041 contingat,
1490 1971 1664 2040 sitque
1705 1989 1813 2024 sec-

125 2062 264 2115 tioni
294 2065 410 2115 ΑΓ
441 2063 692 2132 opposita
724 2065 782 2114 Z.
853 2062 986 2130 dic0,
1027 2065 1071 2112 Z
1104 2079 1223 2114 cum
1255 2064 1308 2112 E
1341 2078 1453 2112 non
1486 2077 1814 2112 concurrere.

239 2169 366 2203 nam
417 2151 464 2203 si
509 2151 628 2202 fieri
673 2152 878 2218 potest,
925 2149 981 2200 in
1020 2151 1073 2200 E
1107 2150 1410 2216 concurrat,
1459 2151 1512 2200 et
1553 2148 1619 2200 ab
1660 2153 1734 2216 A,
1765 2151 1813 2199 B

127 2238 391 2291 sectiones
432 2238 806 2307 contingentes
846 2237 1107 2290 ducantur
1146 2238 1288 2305 AH,
1319 2239 1432 2287 ΗΒ
1442 2277 1456 2303 ,
1497 2238 1550 2287 et
1590 2235 1815 2288 ducatur

126 2329 235 2378 AB
275 2328 329 2378 et
357 2329 492 2395 EH,
532 2344 669 2395 quae
707 2326 1055 2394 producatur3
1098 2324 1359 2377 sectiones
1402 2323 1571 2393 igitur
1607 2323 1665 2375 in
1704 2323 1812 2375 alio

128 2416 288 2483 atque
328 2414 436 2466 alio
474 2417 675 2482 puncto
716 2414 934 2467 secabit.
994 2412 1144 2465 uelut
1183 2413 1255 2465 sit
1285 2413 1583 2464 ΕΗΓΔΘ.
1648 2429 1813 2480 quon-

131 2501 240 2554 iam
280 2502 448 2572 igitur
484 2505 625 2571 AH,
656 2505 770 2553 HB
817 2501 1160 2571 contingunt,
1208 2503 1262 2552 et
1300 2503 1409 2552 AB
1447 2503 1650 2569 puncta
1689 2517 1811 2552 con-

128 2591 303 2642 tactus
343 2589 639 2667 coniungit,
677 2590 735 2641 in
775 2589 955 2642 alteris
996 2588 1320 2641 sectionibus
1368 2587 1668 2657 coniugatis
1711 2588 1812 2639 erit

131 2677 237 2728 ΘΕ
258 2695 269 2728 :
294 2679 501 2728 EH==
528 2679 639 2728 ΘΔ
662 2696 675 2728 :
699 2679 841 2744 AH,
879 2676 936 2728 in
977 2676 1158 2728 alteris
1201 2679 1382 2729 autem

631 2767 739 2816 ΘΕ
760 2784 772 2816 :
797 2766 920 2816 EH
937 2789 1006 2806 =
1032 2766 1168 2815 ΘΓε
1194 2766 1314 2816 ΓΗ

55 2604 62 2611 .
34 2107 70 2569 κήΜὴῶκΨΦᾞῇ-ἲὲΰῑηᾲνξ,
47 1924 66 2017 1
32 1767 66 1787 .’
64 1727 65 1731 Α
57 1660 62 1686 -
61 1583 67 1616 .,
32 1427 36 1429 ‚

251 2865 295 2920 1)
320 2863 416 2907 Aut
438 2877 543 2907 cum
562 2863 736 2908 Comm.
756 2865 889 2907 ΘΑΚ
912 2862 1206 2908 scribendum
1232 2864 1312 2907 aut
1329 2863 1478 2918 figura
1502 2875 1604 2905 cum
1622 2861 1807 2907 Halleio

132 2923 357 2966 mutanda
396 2922 462 2979 (in
499 2922 575 2979 fig.
603 2922 775 2967 codicis
809 2926 864 2978 P,
887 2926 924 2967 Β
965 2923 1257 2978 permutatae
1289 2922 1426 2976 sunt).
1500 2920 1581 2963 sed
1623 2922 1808 2966 omnino

131 2978 247 3024 haec
279 2979 615 3025 demonstratio
647 2982 797 3024 minus
828 2981 954 3024 recte
987 2993 1203 3036 expressa
1236 2980 1320 3022 est.
