2034 3216
250 124 318 176 12
914 123 1193 168 ΚΩΝΙΚΩΝ
1225 122 1289 168 δ’.

359 242 432 315 μὴ
475 242 601 316 γάρ,
643 239 788 313 ἀλλ’,
829 245 881 298 εἰ
918 241 1184 312 δυνατόν,
1226 244 1365 296 ἔστω
1397 238 1589 311 ῆΒΗ.
1666 244 1816 296 ἔσται
1857 239 1949 313 δή,

248 332 322 398 ὡς
355 330 389 403 ἡ
422 337 527 388 ΓΔ
566 335 703 405 πρὸς
737 339 790 387 Δ
802 338 868 403 Ε,
910 330 943 402 ἡ
977 336 1097 387 ΓΗ
1132 333 1269 403 πρὸς
1300 334 1441 384 ΗΕ·
1483 327 1616 402 ὅπερ
1650 327 1951 386 ἀδύνατον.

1067 571 1097 610 ς
1123 597 1134 609 .

356 670 488 729 Ἐὰν
528 670 842 745 ὑπερβολῆς
880 676 1077 745 ληφθῇ
1117 693 1170 727 τι
1218 684 1452 745 σημεῖον
1493 671 1672 743 ἐκτός,
1719 671 1812 726 καὶ
1851 668 1945 726 ἀπ’

189 775 215 815 5
249 759 426 818 αὐτοῦ
471 764 609 834 πρὸς
655 760 759 833 τὴν
806 760 983 834 τομὴν
1025 764 1304 833 διαχθῶσι
1354 760 1458 818 δύο
1499 758 1745 831 εὐθεῖαι,
1793 751 1874 816 ὦν
1914 758 1948 831 ἡ

247 849 350 922 μὲν
398 850 722 922 ἐφάπτεται,
771 847 805 922 ῆ
858 850 919 906 δὲ
950 849 1304 922 παράλληλος
1354 842 1434 924 [ᾗ]
1485 858 1584 924 μιᾷ
1623 852 1738 906 τῶν
1776 846 1951 921 ἀσυμ-

247 938 496 1011 πτώτων,
536 940 629 995 καὶ
667 942 735 1013 τῇ
773 938 1281 1013 ἀπολαμβανομένῇ
1322 937 1430 995 ἀπὸ
1463 943 1560 1011 τῆς
1590 936 1951 1010 παραλλήλου

248 1030 450 1099 μεταξὺ
504 1033 601 1100 τῆς
645 1031 816 1100 τομῆς
870 1029 963 1085 καὶ
1017 1032 1121 1084 τοῦ
1169 1033 1404 1100 σημείου
1454 1036 1546 1100 ἴση
1595 1024 1679 1084 ἐπ’
1724 1025 1951 1094 εὐθείας

249 1118 405 1183 ἐντὸς
443 1121 542 1189 τῆς
580 1121 752 1190 τομῆς
791 1120 958 1191 τεθῇ,
1004 1115 1038 1189 ῆ
1088 1116 1195 1174 ἀπὸ
1243 1121 1341 1190 τῆς
1379 1115 1529 1190 ἁφῆς
1569 1117 1656 1173 ἐπὶ
1694 1120 1758 1172 τὸ
1797 1118 1950 1188 γινό-

163 1219 217 1259 10
250 1227 424 1277 μενον
472 1218 705 1279 σημεῖον
754 1208 1187 1279 ἐπιζευγνυμένη
1237 1205 1434 1263 εὐθεῖα
1481 1217 1839 1279 συμπεσεῖται
1883 1208 1950 1279 τῇ

248 1298 415 1369 τομῇ,
471 1296 565 1351 καὶ
611 1294 645 1368 ἡ
695 1295 804 1352 ἀπὸ
852 1300 950 1368 τῆς
998 1295 1368 1368 συμπτώσεως
1416 1296 1503 1352 ἐπὶ
1548 1299 1610 1351 τὸ
1660 1295 1812 1361 ἐκτὸς
1855 1310 1951 1367 ση-

249 1394 410 1454 μεῖον
451 1382 699 1456 ἀγομένη
740 1385 1012 1456 ἐφάψεται
1050 1389 1148 1456 τῆς
1185 1388 1370 1457 τομῆς.

364 1491 502 1543 ἔστω
542 1486 826 1562 ὑπερβολὴ
868 1486 902 1559 ἡ
944 1494 1140 1560 ΑΕΒ,
1186 1489 1278 1543 καὶ
1326 1489 1580 1560 εἰλήφθω
1620 1509 1672 1543 τι
1720 1492 1969 1559 σημεῖον

252 1577 405 1641 ἐκτὸς
451 1579 513 1631 τὸ
557 1584 638 1646 Δ,
693 1578 787 1632 καὶ
835 1581 973 1633 ἔστω
1021 1577 1297 1649 πρότερον
1346 1578 1502 1642 ἐντὸς
1547 1579 1645 1648 τῆς
1689 1574 1798 1633 ὑπὸ
1837 1579 1952 1634 τῶν

162 1679 217 1720 15
251 1663 637 1736 ἄσυμπτοότων
669 1668 1059 1738 περιεχομένης
1089 1671 1298 1737 γωνίας
1328 1669 1389 1721 τὸ
1415 1671 1488 1736 Δ,
1527 1665 1619 1721 καὶ
1652 1662 1746 1721 ἀπ’
1776 1663 1950 1722 αὐτοί

251 1751 279 1808 05
328 1753 430 1825 μὲν
469 1761 583 1810 ΒΔ
623 1756 984 1827 ἐφαπτέσθω,
1033 1753 1066 1827 ἡ
1110 1754 1172 1811 δὲ
1212 1761 1381 1810 ΔΕΖ
1419 1754 1771 1827 παράλληλος
1810 1758 1948 1811 ἔστω

249 1845 314 1915 τῇ
365 1842 523 1916 ἑτέρᾳ
569 1847 683 1899 τῶν
731 1842 1142 1916 ἀσυμπτώτων,
1195 1844 1288 1899 καὶ
1334 1848 1544 1899 κείσθω
1590 1846 1657 1916 τῇ
1697 1849 1813 1898 ΔΕ
1857 1850 1948 1915 ἴση

249 1928 283 2002 ῆ
324 1937 443 1987 EZ.
522 1933 690 2003 λέγω,
739 1930 823 1988 ὅτι
864 1931 896 2003 ῆ
938 1930 1045 1988 ἀπὸ
1085 1936 1187 1989 τοῦ
1227 1939 1274 1987 Β
1319 1932 1407 1988 ἐπὶ
1446 1934 1508 1987 τὸ
1551 1937 1597 1985 Ζ
1637 1935 1950 2002 ἐπιζευγνυ-

251 2021 389 2091 μένη
430 2032 785 2092 συμπεσεῖται
819 2025 886 2094 τῇ
918 2025 1078 2095 τομῇ,
1117 2022 1209 2076 καὶ
1241 2018 1275 2092 ἡ
1310 2019 1418 2076 ἀπὸ
1451 2023 1547 2092 τῆς
1579 2020 1951 2093 συμπτώσεως

160 2124 218 2164 20
251 2108 338 2165 ἐπὶ
378 2113 440 2166 τὸ
482 2116 537 2164 Δ
577 2109 851 2181 ἐφάψεται
889 2114 987 2182 τῆς
1026 2114 1210 2182 τομῆς.

361 2211 522 2284 ἤχθω
563 2212 670 2285 γὰρ
711 2215 1063 2285 ἐφαπτομένη
1103 2217 1200 2285 τῆς
1238 2216 1411 2286 τομῆς
1449 2211 1484 2284 ἡ
1526 2219 1661 2283 ΛΑ,
1703 2212 1795 2268 καὶ
1836 2213 1949 2268 ἐπι-

252 2306 542 2372 ζευχθεῖσα
589 2300 623 2373 ἡ
672 2309 783 2357 ΒΑ
827 2304 1066 2374 τεμνέτω
1115 2301 1218 2374 τὴν
1258 2307 1398 2372 ΔΕ,
1453 2305 1505 2357 εἰ
1550 2300 1824 2373 δυνατόν,
1871 2300 1947 2374 μὴ

249 2387 387 2446 κατὰ
426 2392 488 2445 τὸ
530 2397 592 2461 Ζ,
633 2389 775 2446 ἀλλὰ
815 2389 947 2446 καθ’
986 2390 1177 2464 ἕτερόν
1215 2413 1268 2447 τι
1306 2396 1367 2447 τὸ
1407 2396 1482 2448 Η.
1559 2394 1711 2446 ἔσται
1743 2389 1813 2462 δὴ
1855 2397 1948 2462 ἴση

251 2475 284 2549 ἡ
327 2484 443 2533 ΔΕ
487 2487 552 2551 τῇ
602 2484 742 2534 ΕΗ·
800 2477 934 2550 ὅπερ
983 2478 1214 2535 ἄτοπον·
1273 2477 1558 2536 ὑπόκειται
1604 2478 1712 2553 γὰρ
1760 2476 1794 2551 ῆ
1837 2485 1954 2535 ΔΕ

162 2581 216 2620 25
248 2570 313 2640 τῇ
356 2573 459 2621 ΕΖ
500 2573 607 2638 ἴση.

372 2853 413 2894 2.
447 2849 573 2907 ΗΕ]
605 2861 659 2904 p,
701 2850 790 2891 ΓΕ
823 2846 876 2891 V.
1031 2854 1070 2895 5.
1113 2847 1223 2908 δύο]
1258 2839 1371 2907 BV.
1525 2853 1566 2893 6.
1601 2844 1868 2905 ἐφάπτηται
1899 2863 1945 2906 p.

309 2916 359 2981 ᾗ]
394 2924 497 2979 Vp3
531 2921 679 2967 deleo.
