2046 3256
0 319 7 464 1,

0 470 6 525 5

0 539 5 746 ἐ

0 877 3 951 μ
125 936 262 989 tioni
292 939 457 990 ΑΓΒ
494 938 743 1007 opposita
776 943 845 991 A.
909 939 1042 1006 dico,
1080 942 1136 990 A
1168 957 1288 992 cum
1319 941 1510 992 neutra
1540 939 1811 1008 opposita-

44 1063 55 1110 ,
125 1042 243 1077 rum
282 1028 412 1095 ΑΒ,
444 1027 497 1078 Γ
529 1043 859 1080 concurrere.

5 0 118 282 t*

631 173 986 217 CONICORUM
1015 174 1195 216 LIBER
1225 176 1301 217 IV.
1733 171 1804 226 69

885 306 1049 361 XLV.

239 407 296 462 Si
347 408 644 478 hyperbola
694 427 815 462 cum
862 410 1034 463 altera
1082 410 1454 478 oppositarum
1499 410 1556 462 in
1602 410 1808 463 duobus

127 495 342 566 punctis
393 497 661 550 concurrit
707 515 942 551 concaua
989 497 1056 551 ad
1106 498 1315 551 easdem
1364 500 1543 567 partes
1590 498 1810 568 habens,

127 602 246 638 cum
279 585 448 637 altera
480 588 658 637 autem
688 586 743 638 in
775 604 898 654 uno,
932 586 1096 639 sectio
1129 586 1179 638 ei
1204 586 1453 656 opposita
1477 604 1597 639 cum
1621 589 1810 640 neutra

127 671 494 741 oppositarum
535 677 827 727 concurret.

239 761 354 825 sint
386 762 669 831 oppositae
695 765 824 833 AB,
855 764 916 832 Γ,
947 765 1001 815 et
1030 762 1329 833 hyperbola
1360 764 1524 815 ΑΓΒ
1558 781 1676 816 cum
1701 766 1809 815 AB

125 848 180 900 in
210 852 278 918 A,
309 852 357 901 Β
390 853 690 919 concurrat,
729 868 849 903 cum
881 853 935 903 Γ
957 853 1137 903 autem
1167 851 1225 903 in
1255 869 1362 904 uno
1395 853 1457 920 Γ,
1496 851 1669 920 sitque
1702 869 1810 904 sec-

238 1111 501 1166 ducantur
555 1114 698 1166 enim
745 1117 867 1179 ΑΓ,
907 1117 1016 1167 ΒΓ
1065 1117 1117 1167 et
1161 1115 1543 1184 producantur.
1627 1114 1810 1183 itaque

125 1202 247 1270 ΑΓ,
277 1203 389 1253 ΒΓ
420 1219 540 1254 cum
581 1203 817 1255 sectione
850 1206 904 1254 A
935 1221 1044 1256 non
1077 1205 1395 1256 concurrent
1427 1203 1518 1271 [ΙΙ,
1550 1203 1661 1268 33].
1722 1220 1809 1255 ue-

40 1305 52 1331 2
124 1304 244 1339 rum
289 1306 358 1341 ne
406 1307 525 1342 cum
565 1292 619 1342 Γ
658 1291 872 1359 quidem
919 1292 1156 1345 sectione
1203 1292 1261 1343 in
1302 1291 1407 1344 alio
1447 1293 1649 1359 puncto
1691 1308 1811 1343 con-

40 1379 59 1432 ,Ξ
127 1379 339 1428 current
399 1395 459 1430 ac
507 1379 567 1430 Γ.
650 1396 778 1431 nam
826 1379 873 1431 si
920 1379 979 1431 in
1029 1379 1134 1432 alio
1183 1397 1394 1448 quoque
1440 1380 1639 1447 puncto
1688 1395 1810 1430 con-

127 1467 372 1534 currunt,
419 1482 539 1518 cum
589 1466 840 1535 opposita
878 1470 986 1519 AB
1035 1485 1146 1520 non
1194 1470 1513 1520 concurrent
1552 1465 1653 1535 [Π,
1693 1465 1808 1535 33];

129 1553 184 1603 at
223 1554 622 1622 supposuimuS‚
662 1572 750 1607 eas
791 1572 912 1607 cum
950 1555 1047 1607 illa
1086 1573 1409 1608 concurrere.
1479 1556 1663 1623 itaque
1701 1571 1810 1606 rec-

38 1695 39 1698 *
124 1640 212 1691 tae
258 1642 380 1705 ΛΓ,
412 1643 523 1693 ΒΓ
569 1659 688 1694 cum
736 1643 970 1695 sectione
1011 1644 1064 1695 Γ
1102 1643 1159 1695 111
1202 1662 1309 1696 11110
1355 1645 1554 1711 puncto
1595 1644 1648 1694 Γ
1687 1659 1808 1694 con-

36 1793 44 1798 <
125 1731 365 1795 currunt,
412 1746 532 1781 cum
573 1734 628 1781 A
675 1733 854 1783 autem
903 1731 1137 1783 sectione
1183 1749 1404 1800 prorsus
1442 1749 1553 1783 non
1592 1747 1809 1783 concur-

124 1817 265 1868 runt.
329 1833 493 1884 quare
517 1820 573 1868 A
603 1817 658 1870 in
691 1818 890 1888 angulo
917 1820 1075 1870 EFZ
1102 1819 1286 1890 *posita
1318 1821 1413 1871 est.
1476 1836 1604 1888 ergo
1638 1818 1802 1871 sectio

122 1905 178 1954 A
215 1920 335 1956 cum
374 1906 506 1972 ΛΒ,
538 1906 592 1956 Γ
622 1922 732 1958 non
772 1908 1068 1959 concurret.

873 2051 1064 2104 XLVI.

239 2134 296 2189 Si
350 2136 649 2206 hyperbola
704 2154 823 2191 cum
879 2140 1049 2192 altera
1103 2140 1471 2208 oppositarum
1525 2140 1582 2192 in
1634 2140 1806 2192 tribus

125 2223 334 2290 punctis
383 2226 675 2296 concurrit,
722 2227 890 2280 sectio
939 2229 988 2280 ei
1034 2229 1285 2297 opposita
1331 2245 1451 2281 cum
1499 2229 1669 2281 altera
1717 2246 1805 2296 op-

28 2285 43 2303 .-

31 2306 47 2325 ”’
126 2311 423 2377 positarum
460 2331 574 2366 non
611 2318 890 2368 concurret
926 2315 1033 2368 nisi
1071 2316 1128 2370 in
1165 2335 1272 2369 uno
1312 2317 1527 2384 punctO.

236 2398 344 2451 sint
382 2402 663 2469 oppositae
701 2405 881 2472 ΑΒΓ,
911 2407 1099 2473 ΔΕΖ,
1139 2407 1192 2456 et
1230 2403 1528 2473 hyperbola
1566 2405 1810 2456 ΑΜΒΓ

126 2500 245 2538 cum
292 2490 463 2540 ΑΒΓ
501 2489 560 2541 111
605 2490 777 2543 tribus
825 2491 1037 2559 punctis
1085 2497 1160 2561 A,
1190 2495 1260 2561 Β,
1293 2494 1346 2544 Γ
1385 2493 1690 2558 concurrat,
1738 2491 1808 2542 sit

126 2576 302 2627 autem
357 2577 583 2630 sectioni
632 2580 818 2631 ΛΜΓ
867 2579 1118 2647 opposita
1165 2583 1353 2633 AEK.
1437 2579 1577 2647 dieo,
1631 2580 1810 2629 AEK

127 2675 245 2713 cum
283 2666 448 2716 AEZ
494 2683 605 2718 non
653 2683 967 2719 concurrere
1013 2667 1068 2719 in
1107 2668 1350 2735 pluribus
1389 2666 1603 2735 punctis
1644 2683 1806 2732 quam

127 2762 185 2798 1n
222 2766 343 2802 uno.

236 2853 362 2888 nam
403 2838 449 2890 si
490 2839 600 2891 fieri
638 2840 839 2910 potest,
881 2844 1166 2894 concurrat
1203 2841 1260 2893 in
1300 2844 1377 2909 Λ,
1409 2843 1479 2909 Ε,
1519 2839 1805 2892 ducantur-

129 2936 228 2989 que
267 2927 396 2988 ΑΒ,
427 2928 543 2977 AE.
