2020 3236
191 1153 244 1193 10

184 1633 238 1673 15

182 2113 238 2153 20

180 2599 236 2638 25

278 148 388 202 286
751 150 1192 194 COMMENTARIA
1221 150 1504 203 ANTIQUA.

278 275 362 343 λζ’
415 275 543 346 περὶ
595 277 707 331 τῶν
765 271 1164 347 ἓφαπτομὲνων
1214 275 1308 331 καὶ
1361 282 1473 331 τῶν
1525 272 1633 332 ἀπὸ
1683 279 1783 348 τῆς
1829 275 1978 350 ἁφῆς

276 372 640 444 κατηγμένων
685 374 784 444 τῆς
822 373 1115 440 ἐλλείψεως
1153 372 1246 428 καὶ
1285 374 1380 444 τῆς
1419 369 1758 445 ὑπερβολῆς,
1800 374 1861 430 ἐν
1899 378 1975 449 τῷ

277 468 369 540 λη’
425 469 553 541 περὶ
605 471 720 525 τῶν
776 469 1181 541 έφαπτομένων
1234 472 1332 541 τῆς
1384 465 1699 541 ὑπερβολῆς
1742 471 1836 526 καὶ
1881 474 1979 543 τῆς

278 567 588 636 ἐλλείψεως,
628 563 776 632 ὅπως
815 569 1005 637 ἔχουσι
1043 569 1182 637 πρὸς
1219 564 1324 637 τὴν
1358 566 1624 639 δευτέραν
1658 565 1977 640 διάμετρον,

277 664 338 718 ἐν
377 665 453 739 τῷ
494 661 593 717 λθ’
634 661 727 717 καὶ
766 661 828 734 μ’
867 661 993 734 περὶ
1032 665 1146 718 τῶν
1179 660 1367 718 αὐτῶν
1398 673 1638 719 ποιεῖται
1667 660 1767 719 τὸν
1799 664 1975 735 λόγον

275 759 410 824 τοὺς
441 760 841 830 συγκειμένους
879 759 939 814 ἐκ
978 758 1196 815 τούτων
1234 757 1441 830 λόγους
1479 760 1765 831 ἐπιζητῶν,
1807 761 1868 816 ἐν
1898 765 1974 837 τῷ

276 854 374 926 μα’
413 857 539 928 περὶ
571 859 685 912 τῶν
717 853 1205 927 ἀναγραφομένων
1235 855 1831 929 παραλληλογράμμων
1862 857 1972 913 ἀπὸ

277 954 374 1023 τῆς
411 953 758 1024 κατηγμένης
788 952 882 1007 καὶ
913 954 1011 1024 τῆς
1043 954 1102 1008 ἐκ
1132 955 1236 1008 τοῦ
1267 954 1503 1024 κέντρου
1534 956 1632 1025 τῆς
1661 951 1978 1026 ὑπερβολῆς

274 1047 366 1104 καὶ
405 1052 505 1120 τῆς
543 1049 853 1119 ἐλλείψεως,
887 1049 947 1104 έν
978 1051 1054 1124 τῷ
1087 1047 1187 1120 μβ’
1228 1049 1316 1104 ἐπὶ
1347 1051 1443 1120 τῆς
1473 1053 1796 1122 παραβολῆς
1826 1052 1975 1122 λέγει

279 1150 405 1199 ἴσον
437 1141 584 1199 εἶναι
615 1147 676 1199 τὸ
709 1142 818 1200 ὑπὸ
851 1146 948 1216 τῆς
981 1145 1365 1217 ἐφαπτομένης
1395 1146 1488 1201 καὶ
1510 1149 1609 1217 τῆς
1631 1148 1975 1219 κατηγμένης

274 1240 847 1312 καταλαμβανόμενον
884 1246 1164 1313 τρίγωνον
1203 1245 1278 1318 τῷ
1320 1246 1551 1310 ἰσοϋψεῖ
1578 1241 1729 1319 αὐτῷ
1762 1250 1971 1315 παραλ-

273 1337 676 1413 ληλογράμμῳ,
739 1336 999 1409 ἡμίσειαν
1055 1336 1106 1394 δ’
1160 1342 1344 1410 ἔχοντι
1391 1339 1587 1411 βάσιν,
1642 1341 1704 1396 έν
1750 1344 1826 1415 τῷ
1875 1340 1971 1413 μγ’

274 1427 363 1482 ἐπὶ
423 1429 522 1498 τῆς
582 1424 896 1499 ὑπερβολῆς
955 1427 1048 1482 καὶ
1109 1430 1207 1498 τῆς
1268 1429 1562 1494 ἐλλείψεως
1623 1433 1790 1500 ζητεῖ,
1858 1432 1975 1495 πῶς

274 1527 463 1595 έχουσι
518 1522 656 1595 πρὸς
709 1522 922 1594 ἄλληλα
975 1522 1042 1579 τὰ
1095 1521 1205 1580 ὑπὸ
1258 1526 1371 1580 τῶν
1426 1526 1827 1598 ἐφαπτομένων
1880 1525 1974 1582 καὶ

273 1622 386 1675 τῶν
446 1621 808 1692 κατηγμένων
870 1618 1381 1692 ἄπολαμβανόμενα
1442 1626 1716 1695 τρίγωνα,
1780 1625 1841 1678 έν
1894 1627 1970 1699 τῷ

271 1717 368 1788 μδ’
431 1716 494 1772 τὸ
550 1715 686 1773 αὐτὸ
743 1718 804 1773 ἐν
858 1729 978 1783 ταῖς
1031 1715 1462 1789 ἀντικειμέναις,
1518 1720 1579 1774 ἐν
1633 1721 1709 1794 τῷ
1763 1719 1852 1790 με’
1907 1718 1972 1775 τὸ

271 1811 407 1869 αὐτὸ
480 1814 567 1869 ἐπὶ
636 1816 733 1884 τῆς
803 1814 1065 1885 δευτέρας
1135 1814 1436 1885 διαμέτρου
1501 1815 1598 1886 τῆς
1657 1811 1973 1887 ὑπερβολῆς

269 1910 363 1965 καὶ
415 1914 513 1982 τῆς
568 1910 883 1981 ἐλλείψεως,
941 1911 1001 1966 ἐν
1054 1913 1129 1985 τῷ
1185 1909 1278 1982 μς’
1333 1910 1460 1983 περὶ
1512 1913 1626 1966 τῶν
1679 1910 1814 1983 μετὰ
1866 1909 1970 1982 τὴν

270 2005 507 2080 ἀρχικὴν
557 2007 857 2079 διάμετρον
896 2010 994 2078 τῆς
1031 2009 1353 2079 παραβολῆς
1394 2006 1622 2079 ἑτέρων,
1662 2009 1723 2063 έν
1761 2010 1838 2084 τῷ
1877 2007 1967 2079 μζ’

271 2104 398 2175 περὶ
453 2106 565 2159 τῶν
621 2103 825 2177 ἑτέρων
874 2105 1188 2176 διαμέτρων
1233 2112 1331 2175 τῆς
1376 2101 1689 2176 ὑπερβολῆς
1733 2103 1826 2158 καὶ
1871 2106 1971 2175 τῆς

269 2199 581 2270 ἐλλείψεως,
620 2198 683 2256 ἐν
723 2203 798 2277 τῷ
830 2199 929 2271 μη’
968 2200 1093 2272 περὶ
1125 2203 1238 2255 τῶν
1271 2200 1475 2272 ἑτέρων
1509 2199 1820 2271 διαμέτρων
1852 2201 1968 2255 τῶν

269 2296 692 2368 ἀντικειμένων,
732 2295 806 2352 ἐν,
833 2299 909 2372 τῷ
950 2296 1055 2368 pff
1096 2296 1222 2368 περὶ
1261 2299 1375 2352 τῶν
1415 2295 1546 2368 παρ’
1589 2292 1656 2361 ἃς
1695 2294 1967 2351 δύνανται

269 2396 331 2447 αἱ
372 2392 747 2463 καταγόμεναι
793 2390 883 2448 ἐπὶ
926 2392 1023 2458 τὰς
1064 2393 1250 2465 ἑτέρας
1290 2393 1620 2465 διαμέτρους
1657 2394 1754 2463 τῆς
1791 2410 1966 2463 παρα-

268 2492 465 2560 βολῆς,
516 2487 578 2544 ἒν
623 2492 699 2544 τιό
748 2489 805 2545 ν’
854 2490 980 2561 περὶ
1026 2492 1128 2545 τοῦ
1174 2489 1349 2544 αὐτοῦ
1388 2491 1485 2560 τῆς
1522 2485 1836 2560 ὑπερβολῆς
1873 2487 1964 2543 καὶ

267 2590 364 2657 τῆς
403 2585 715 2655 ἐλλείψεως,
755 2582 816 2641 ἐν
855 2589 932 2661 τῷ
964 2585 1058 2640 να’
1088 2586 1215 2658 περὶ
1245 2587 1349 2640 τοῦ
1379 2583 1555 2640 αὐτοῦ
1585 2587 1698 2639 τῶν
1730 2582 1965 2639 ἀντικει-

266 2683 469 2753 μένων.
558 2684 731 2737 ταῦτα
786 2682 958 2737 εἰπὼν
1013 2682 1105 2737 καὶ
1160 2680 1428 2753 προσθεὶς
1482 2691 1598 2747 τοῖς
1651 2680 1965 2751 εἰρημένοις

387 2894 430 2933 4.
471 2887 658 2945 ἔχουσιν
697 2887 770 2932 W.
927 2893 995 2933 11.
1036 2883 1541 2948 καταλαμβανόμενον]
1582 2886 1774 2944 Halley,
1819 2901 1961 2929 κατα-

264 2946 510 3006 λαμβάνον
550 2947 663 3004 Wp.
838 2952 905 2992 14.
958 2946 1145 3003 ἔχουσιν
1184 2947 1261 2994 W.
1429 2951 1499 2991 17.
1547 2943 1654 3004 ἐπί]
1696 2959 1721 2990 e
1761 2958 1876 2990 corr.
1914 2959 1961 3001 p.
