2020 3236
302 122 410 175 318
773 122 1213 166 COMMENTARIA
1243 122 1526 175 ANTIQUA.

300 262 488 312 γωνον
512 249 588 315 τῷ
615 245 733 296 ΚΓ
747 237 1132 314 τετραπλεύρῳ
1158 245 1299 295 ἴσον.
1354 236 1495 295 ἀλλὰ
1517 241 1580 295 τὸ
1604 244 1663 294 K
1668 240 1787 303 ΞΝ
1801 236 2001 312 ὅμοιόν

301 331 417 385 ἐστι
447 330 523 404 τῷ
558 317 769 400 ΚΜΗ,
811 327 956 384 διότι
979 326 1333 399 παράλληλός
1357 329 1508 384 ἐστιν
1539 324 1573 399 ἡ
1607 333 1747 383 ΜΗ
1770 331 1838 402 τῇ
1867 331 2000 392 ΝΞ·

300 422 416 474 ἔστι
457 417 519 474 δὲ
558 415 708 494 αὐτῷ
747 418 839 473 καὶ
873 425 1019 488 ἴσον,
1059 416 1204 473 διότι
1237 417 1590 488 ἐφαπτομένη
1623 417 1775 473 ἐστὶν
1805 414 1841 489 ἡ
1873 421 2001 489 ΑΓ,

299 505 653 580 παράλληλος
709 506 770 562 δὲ
824 504 964 578 αὐτῇ
1013 503 1048 577 ἡ
1095 511 1244 576 ΗΝ,
1298 505 1391 560 καὶ
1439 504 1735 577 διάμετρος
1781 503 1816 577 ἡ
1863 508 2001 576 ΜΞ,

241 610 266 650 5
298 595 391 650 καὶ
431 601 522 666 ι’ση
564 596 717 651 ἐστὶν
757 593 791 666 ἡ
832 601 956 650 ΗΚ
991 597 1058 667 τῇ
1099 600 1235 650 KN.
1313 594 1429 650 ἐπεὶ
1470 587 1575 650 οὖν
1615 600 1742 650 ἴσον
1782 595 1898 651 ἐστὶ
1936 597 1998 651 τὸ

299 686 478 747 ΚΝΞ
513 687 588 758 τῷ
627 705 685 739 τε
716 688 832 739 ΚΓ
862 683 955 738 καὶ
986 691 1062 757 τῷ
1095 687 1307 753 ΚΜΗ,
1343 685 1544 739 κοινοῦ
1576 680 2002 756 ἀφαιρουμένου

298 776 399 829 τοῦ
438 778 567 827 AH
596 776 795 828 λοιπὸν
833 776 896 828 τὸ
936 777 1113 827 AIM
1146 778 1272 827 ἴσον
1313 771 1428 827 ἐστὶ
1465 774 1542 846 τῷ
1584 776 1710 828 ΓΗ.

977 937 1094 1000 Εἰς
1131 937 1201 990 τὸ
1241 935 1313 1005 γ’.

419 1037 494 1094 Τὸ
534 1038 804 1110 θεώρημα
842 1041 1008 1095 τοῦτο
1048 1042 1276 1103 πλείους
1308 1042 1418 1109 ἔχει
1449 1036 1702 1109 πτώσεις,
1742 1034 1809 1104 ἃς
1838 1035 1998 1112 εὑρή-

212 1141 265 1182 10
299 1144 470 1200 σομεν
520 1125 730 1199 ὁμοίως
774 1130 850 1201 τῷ
898 1130 1006 1199 πρὸ
1057 1125 1247 1182 αὐτοῦ.
1326 1130 1417 1182 δεῖ
1451 1128 1643 1198 μέντοι
1682 1128 2000 1200 ἐπισκῆψαι,

299 1217 385 1273 ὅτι
430 1238 497 1272 τα
547 1215 946 1288 λαμβανόμενα
994 1215 1099 1272 δύο
1148 1226 1347 1287 σημεῖα
1393 1212 1428 1287 ἢ
1476 1217 1680 1288 μεταξύ
1725 1219 1842 1274 ἐστι
1885 1220 2000 1273 τῶν

301 1305 406 1362 δύο
449 1306 764 1378 διαμέτρων
804 1301 837 1376 ἢ
877 1303 944 1360 τὰ
987 1303 1093 1361 δύο
1135 1306 1288 1372 ἐκτὸς
1325 1305 1417 1360 καὶ
1449 1305 1537 1360 ἐπὶ
1567 1303 1635 1360 τὰ
1667 1302 1809 1361 αὐτὰ
1838 1308 1998 1379 μέρη·

298 1399 350 1451 εἰ
400 1393 507 1467 γὰρ
553 1417 617 1451 το
668 1393 771 1466 μὲν
818 1395 1010 1467 ἕτερον
1057 1395 1213 1460 ἐκτὸς
1255 1393 1545 1466 λάβωμεν,
1590 1398 1654 1451 τὸ
1701 1394 1764 1450 δὲ
1810 1396 2000 1468 ἕτερον

298 1484 500 1555 μεταξὺ
539 1485 652 1539 τῶν
694 1484 1036 1555 διαμέτρων,
1078 1482 1148 1538 οὐ
1188 1486 1513 1539 συνίσταται
1551 1484 1619 1538 τὰ
1661 1484 1722 1539 ἐν
1759 1487 1826 1556 τῇ
1865 1503 2000 1555 προ-

210 1585 263 1625 15
293 1571 451 1628 ’τάσει
495 1571 772 1643 λεγόμενα
817 1570 1220 1644 τετράπλευρα,
1269 1569 1391 1627 ἀλλ’
1446 1569 1580 1627 οὐδὲ
1626 1568 1716 1643 ἐφ’
1769 1570 1999 1644 ἑκάτερα

294 1665 409 1717 τῶν
449 1661 777 1732 διαμέτρων.

977 1767 1094 1830 Εἰς
1131 1767 1200 1819 τὸ
1240 1762 1313 1819 δ’.

401 1865 495 1923 Ἐν
541 1869 609 1940 τῇ
651 1866 917 1938 προτάσει
955 1865 1161 1922 τούτου
1200 1868 1304 1922 τοῦ
1340 1865 1707 1938 θεωρήματος
1743 1866 1838 1933 καὶ
1875 1868 1990 1922 τῶν

297 1956 493 2028 ἐφεξῆς
555 1959 645 2011 δεῖ
702 1956 1019 2026 ἐπιστῆσαι,
1084 1953 1168 2010 ὅτι
1229 1956 1343 2010 τῶν
1398 1953 1796 2026 ἀντικειμένων
1849 1955 1997 2026 λέγει

209 2057 266 2097 20
298 2043 658 2116 ἀδιορίστως,
711 2044 805 2100 καὶ
850 2047 976 2100 τινὰ
1022 2043 1126 2116 μὲν
1173 2046 1287 2099 τῶν
1332 2040 1696 2116 ἀντιγράφων
1742 2045 1844 2110 τὰς
1888 2043 1994 2100 δύο

297 2134 682 2205 ἐφαπτομένας
721 2133 810 2189 ἐπὶ
848 2135 946 2204 τῆς
985 2135 1114 2204 μιᾶς
1151 2140 1326 2203 τομῆς
1364 2135 1500 2204 ἔχει,
1539 2131 1666 2188 τινὰ
1707 2132 1772 2188 δὲ
1812 2129 1997 2189 οὐκέτι

298 2221 396 2288 τὰς
437 2220 540 2277 δύο
584 2222 967 2293 ἐφαπτομένας
1006 2221 1094 2276 ἐπὶ
1132 2223 1231 2292 τῆς
1268 2222 1415 2292 μιᾶς,
1446 2217 1566 2275 ἀλλ’
1610 2218 1698 2292 ἐφ’
1742 2221 2013 2294 ἑκατέρας·

297 2308 482 2367 αὐτῶν
522 2315 656 2383 μίαν
697 2309 1117 2382 συμπιπτούσας
1156 2307 1436 2380 ἀλλήλαις,
1475 2308 1551 2374 ὡς
1581 2316 1794 2382 εἴρηται
1826 2311 1888 2365 ἐν
1917 2311 1994 2385 τῷ

295 2399 352 2469 β’
392 2403 611 2474 βιβλίῳ,
652 2401 713 2454 ἐν
752 2401 820 2471 τῇ
860 2394 1056 2469 ἐφεξῆς
1092 2401 1272 2471 γωνίᾳ
1309 2399 1423 2452 τῶν
1463 2394 1862 2469 ἀσυμπτώτων,
1899 2397 1995 2452 καὶ

209 2500 266 2540 25
300 2485 477 2553 οὕτως
524 2486 587 2543 δὲ
630 2484 903 2559 κάκείνως
950 2490 1246 2558 συμβαίνει
1290 2483 1358 2540 τὰ
1397 2487 1495 2556 τῆς
1531 2487 1874 2557 προτάσεως,
1920 2482 1997 2551 ὦς

298 2577 470 2641 ἔξεστι
509 2580 626 2640 τοῖς
663 2576 1032 2645 βουλομένοις
1061 2574 1521 2646 καταγράφουσιν
1553 2574 1993 2645 ἐπισκέπτεσθαι,

416 2743 456 2782 2.
499 2733 625 2781 ἐστιν
666 2751 691 2780 e
724 2750 839 2781 corr.
872 2750 931 2779 m.
968 2741 991 2778 1
1033 2735 1107 2780 W.
1183 2703 1191 2710 ι
1260 2735 1451 2793 ΚΜΗ]
1499 2735 1663 2779 ΚΜΝ
1701 2734 1825 2791 Wp,
1872 2747 1990 2781 corr.

294 2796 479 2872 ffal'ley,
519 2797 639 2855 kqm
674 2795 849 2841 Comm.
934 2848 955 2897 ἒ
1000 2795 1154 2897 ΙέἶΙ-ῼῙ
1173 2796 1288 2839 MN
1314 2809 1358 2897 ξ.
1397 2847 1451 2896 εὖ
1500 2791 1821 2898 ’Ξὼὲιέἷινᾯνᾞ.
1914 2799 1985 2895 li),

297 2856 423 2959 323
455 2853 586 2957 {gfff
618 2856 755 2958 W'20.
796 2859 1084 2969 α’δῖἑορέῗτως
1114 2887 1189 2957 vv'r.
1344 2886 1414 2956 ἐι.
1454 2867 1556 2969 ἷῖξς]
1583 2868 1710 2956 ‘Zom
1745 2887 1802 2956 ἐκ
1832 2911 1909 2968 τῆι
1938 2885 1989 2955 iri
