2046 3256
248 108 358 161 152
720 111 1159 155 COMMENTARIA
1189 112 1474 165 ANTIQUA

247 226 351 298 μὲν
390 224 425 298 ἡ
467 233 594 283 ΑΗ
624 227 763 300 πρὸς
800 233 945 299 ΗΚ,
994 226 1170 295 οὕτως
1209 229 1358 286 ἐστὶν
1397 230 1460 285 τὸ
1503 227 1611 285 ἀπὸ
1650 235 1776 286 ΑΗ
1806 228 1946 301 πρὸς

2021 0 2046 122 1

2036 196 2046 331 Ι

244 314 311 371 τὸ
351 314 460 389 ἱπό
504 322 710 395 ΑΗΚ,
757 319 1043 374 τουτέστιν
1088 319 1229 391 πρὸς
1273 317 1337 374 τὸ
1375 315 1485 374 ὑπὸ
1527 323 1722 390 ΒΗΓ,
1769 315 1842 384 ὡς
1881 318 1943 375 δὲ
2037 333 2046 403 «j

246 402 282 476 ἡ
313 411 363 460 Λ
375 412 420 460 Ζ
459 407 600 478 πρὸς
629 412 753 476 ΖΑ,
794 428 972 473 ουτως
1013 407 1162 463 ἐστὶν
1202 406 1265 463 τὸ
1296 404 1405 463 ὑπὸ
1431 413 1618 479 ΛΖΑ,
1656 409 1945 464 τουτέστιν

244 491 309 549 τὸ
350 492 459 550 ὑπὸ
487 501 672 565 ΔΖΘ,
711 495 852 566 πρὸς
881 494 944 552 τὸ
977 492 1084 551 άπὸ
1114 503 1240 551 ΖΑ·
1283 494 1489 551 ἔστιν’
1467 495 1594 570 άρα,
1634 493 1710 562 ὥς
1734 496 1798 552 τὸ
1832 493 1941 551 ἀπὸ

184 597 214 637 5
246 587 373 637 AH
405 581 545 655 πρὸς
583 581 646 639 τὸ
686 582 797 639 ὑπὸ
829 589 1016 654 ΒΗΓ,
1060 583 1236 650 οὕτως
1266 583 1328 641 τὸ
1363 582 1471 640 ὑπὸ
1506 589 1673 640 ΔΖΘ
1709 581 1848 656 πρὸς
1878 582 1942 639 τὰ

243 669 345 727 άπὲ
395 678 518 729 ΖΑ.

361 761 453 816 διὰ
510 761 572 818 δὲ
633 765 733 818 τοῦ
788 763 1162 834 συνημμένου.
1263 762 1378 818 ἐπεὶ
1433 759 1463 818 ὁ
1521 762 1623 835 μὲν
1668 765 1767 834 τῆς
1819 769 1873 818 A
1887 767 1953 818 H

247 848 390 922 πρὸς
428 856 542 906 ΗΒ
583 850 750 922 λόγος
790 852 940 908 ἐστὶν
975 849 1004 907 ὁ
1045 854 1140 923 τῆς
1182 857 1290 907 ΘΕ
1324 850 1465 923 πρὸς
1497 857 1621 922 ΕΒ,
1659 851 1945 907 τουτέστιν

250 935 280 994 ὁ
314 942 411 1010 τῆς
437 945 538 995 ΘΖ
577 939 718 1012 πρὸς
751 946 861 995 ΖΑ
903 942 1079 1009 [Euel.
1104 942 1197 1013 VI,
1229 944 1316 1010 4]‚
1358 938 1387 996 ὁ
1430 940 1492 996 δὲ
1529 943 1627 1012 τῆς
1649 942 1777 996 AH
1805 938 1947 1014 πρὸς

157 1041 216 1082 10
250 1025 353 1098 τὴν
391 1033 510 1083 ΗΓ
549 1028 716 1100 λόγος
762 1028 790 1085 ὃ
833 1029 1001 1095 αὐτός
1040 1032 1190 1085 ἐστιν
1236 1034 1311 1106 τῷ
1352 1033 1450 1101 τῆς
1487 1035 1605 1085 ΔΕ
1646 1029 1785 1102 πρὸς
1822 1034 1945 1101 ΕΓ,

248 1118 540 1172 τουτέστιν
579 1121 655 1192 τῷ
695 1128 792 1189 τῆς
833 1124 943 1173 ΔΖ
984 1117 1122 1190 πρὸς
1162 1124 1269 1173 ΖΑ
1310 1120 1483 1187 [Euel.
1515 1120 1609 1191 VI,
1640 1121 1727 1188 4]‚
1769 1115 1798 1174 ὁ
1840 1117 1947 1190 ἄρα

249 1206 606 1277 συνημμένος
658 1211 717 1262 ἔκ
759 1229 817 1263 τε
863 1210 965 1262 τοῦ
1006 1204 1074 1263 ὃν
1121 1211 1231 1278 ἔχει
1278 1205 1312 1278 ἡ
1353 1211 1479 1263 ΑΗ
1518 1205 1656 1278 πρὸς
1693 1212 1807 1263 ΗΒ
1853 1207 1946 1263 καὶ

247 1297 352 1350 τοῦ
394 1291 460 1350 ὃν
501 1299 610 1367 ἔχει
644 1293 677 1366 ἡ
710 1302 836 1351 ΑΗ
867 1295 1008 1369 πρὸς
1038 1300 1172 1366 ΗΓ,
1214 1293 1275 1361 ὅς
1306 1298 1457 1352 ἐστιν
1491 1293 1521 1352 ὁ
1553 1299 1655 1352 τοῦ
1687 1294 1795 1352 άπὸ
1829 1301 1957 1351 ΑΗ
2037 1339 2042 1343 -

248 1382 391 1455 πρὸς
429 1382 491 1439 τὸ
533 1381 642 1440 ὑπὸ
681 1390 876 1455 ΒΗΓ,
926 1382 955 1440 ὁ
998 1383 1165 1450 αὐτός
1204 1386 1355 1441 ἐστιν
1394 1387 1469 1460 τῷ
1510 1385 1848 1460 συνημμένῳ
1889 1388 1950 1439 ἔκ

159 1486 218 1526 15
249 1493 308 1527 τε
346 1475 449 1528 τοῦ
487 1476 586 1543 τῆς
626 1478 729 1528 ΘΖ
768 1472 908 1544 πρὸς
949 1479 1057 1528 ΖΑ
1094 1474 1187 1529 καὶ
1226 1476 1328 1529 τοῦ
1367 1476 1463 1544 τῆς
1496 1480 1603 1528 ΔΖ
1641 1474 1780 1545 πρὸς
1811 1479 1947 1544 ΖΑ,

251 1558 312 1627 ὅς
345 1563 497 1616 ἐστιν
531 1559 560 1616 ὅ
586 1565 689 1617 τοῦ
712 1559 822 1617 ὑπὸ
848 1567 1016 1617 ΔΖΘ
1047 1560 1187 1632 πρὸς
1217 1560 1279 1617 τὸ
1310 1559 1418 1617 ἀπὸ
1445 1567 1553 1616 ΖΑ
1582 1560 1951 1633 τετράγωνον.

996 1771 1109 1824 Τοῦ
1147 1767 1221 1839 β’.

364 1888 436 1942 α’.
494 1886 618 1943 Δύο
661 1890 942 1942 δοθεισῶν
980 1895 1094 1942 τῶν
1134 1892 1262 1956 ΑΒ,
1295 1891 1406 1941 ΒΓ
1444 1886 1537 1941 καὶ
1584 1883 1810 1952 εὐθείας
1853 1889 1949 1957 τῆς

252 1982 370 2031 ΛΕ
407 1980 485 2041 εἰς
526 1974 623 2041 τὰς
655 1982 782 2046 ΑΒ,
806 1981 917 2031 ΒΓ
949 1974 1252 2046 ἐναρμόσαι
1292 1974 1525 2030 εὐθεῖαν
1567 1981 1696 2047 ἴσην
1733 1983 1800 2049 τῇ
1835 1980 1955 2030 ΔΕ

158 2077 219 2118 20
250 2065 343 2120 καὶ
381 2064 739 2136 παράλληλον
780 2062 933 2137 αὐτῇ.

361 2155 527 2209 τοῦτο
578 2153 640 2208 δὲ
685 2152 952 2225 φανερόν.
1038 2151 1135 2209 ἐὰν
1183 2150 1290 2225 γὰρ
1340 2151 1434 2207 διὰ
1479 2154 1584 2208 τοῦ
1628 2158 1681 2207 Ε
1722 2154 1789 2226 τῇ
1837 2158 1949 2208 AB

248 2241 609 2313 παράλληλον
658 2239 954 2313 ἀγάγωμεν
1003 2243 1108 2312 τὴν
1154 2246 1276 2311 ΕΓ,
1333 2239 1426 2296 διὰ
1483 2240 1545 2296 δὲ
1807 2254 1860 2294 Α

249 2340 352 2386 τοῦ
393 2335 447 2385 Γ
485 2334 551 2403 τῇ
595 2335 710 2384 ΔΕ
752 2329 1106 2402 παράλληλος
1152 2328 1301 2402 ἀχθῇ
1342 2326 1375 2399 ἡ
1418 2333 1543 2398 ΓΑ,
1634 2302 1880 2509 [Q
1997 2339 2002 2341 ’

250 2422 403 2474 ἔσται
445 2418 538 2472 διὰ
578 2422 639 2473 τὸ
679 2417 1260 2490 παραλληλόγραμμον
1301 2415 1445 2473 εἶναι
1479 2419 1542 2471 τὸ
1584 2426 1634 2464 B
1876 2424 1930 2460 Γ

159 2519 219 2560 25
251 2511 484 2562 ΑΓΕΔ
522 2504 555 2576 ἡ
598 2511 713 2572 ΑΓ
753 2513 843 2577 ἴση
887 2510 952 2578 τῇ
994 2513 1111 2562 ΛΕ
1156 2508 1326 2575 [Eucl.
1366 2507 1408 2578 I,
1447 2507 1540 2574 34]
1758 2516 1808 2554 E

251 2595 344 2651 καὶ
383 2595 757 2666 παράλληλος·
796 2594 889 2648 καὶ
923 2593 1259 2667 ἐνήρμοσται
1299 2597 1378 2659 εἰς
1415 2593 1515 2659 τὰς
1554 2597 1820 2660 δοθείσας
1858 2592 1947 2650 εὐ-
2015 2591 2017 2594 ’

254 2689 414 2750 θείας
452 2682 549 2749 τὰς
587 2691 639 2738 Α
651 2689 714 2754 Β,
746 2688 863 2738 ΒΓ.

365 2800 437 2871 β’.
478 2799 658 2856 ’Έστω
700 2799 803 2855 δύο
842 2804 1087 2870 τρίγωνα
1125 2798 1191 2856 τὰ
1224 2804 1407 2871 ΑΒΓ,
1439 2806 1626 2871 ΔΕΖ,
1664 2799 1755 2855 καὶ
1789 2804 1947 2870 ἔστω,

254 2888 329 2955 ὥς
368 2888 401 2961 ἡ
444 2895 553 2944 ΑΒ
594 2892 731 2963 πρὸς
769 2886 871 2957 τὴν
911 2893 1032 2959 ΒΓ,
1076 2886 1250 2954 οὕτως
1289 2886 1323 2959 ἡ
1366 2895 1482 2943 ΛΕ
1515 2891 1653 2962 πρὸς
1693 2895 1814 2961 ΕΖ,
1852 2889 1947 2945 καὶ
