2020 3236
426 181 676 224 Euroon
708 180 1143 224 COMMENTARIA
1172 181 1238 223 IN
1270 180 1505 225 CONICA.
1691 179 1800 232 275

411 316 533 368 *Ad
566 316 892 386 epilogum
936 314 983 380 [Ι
1014 334 1064 384 p.
1102 315 1222 383 158,
1257 315 1475 381 1—15].

229 420 630 474 Diametrum
702 420 1086 488 originalem
1153 422 1342 473 uocat
1404 418 1453 489 [I
1491 439 1539 489 p.
1588 419 1706 490 158,
1744 421 1800 486 2]

8 492 26 506 ⁷
117 510 409 563 sectionem
456 510 515 562 in
561 527 696 562 cono
744 507 943 560 factam
991 525 1328 561 communem
1376 508 1524 577 plani
1571 509 1802 561 secantis

0 585 37 670 „ſs
116 598 479 669 triangulique
550 615 647 666 per
719 614 872 649 axem
941 596 1127 664 positi3
1195 597 1335 649 hanc
1397 599 1575 649 autem
1637 598 1802 649 etiam

26 692 34 700 “
118 687 441 740 diametrum
479 685 832 754 principalem
871 686 1032 737 uocat
1073 683 1123 751 [I
1154 704 1206 753 p.
1241 684 1362 755 158,
1396 686 1504 752 14].
1573 687 1627 738 et
1659 685 1803 755 dicit,

118 793 303 829 omnes
336 774 694 844 proprietates
729 772 1044 840 sectionum,
1085 790 1218 841 quae
1250 773 1309 824 in
1337 774 1801 843 propositionibus

16 888 19 889 ⁷
115 863 559 934 praecedentibus
593 861 996 914 demonstratae
1037 861 1148 914 sint
1188 863 1612 930 supponentibus
1643 863 1801 916 nobis

118 953 408 1006 diametros
465 950 774 1020 originaleS,
831 950 994 1002 etiam
1052 951 1302 1003 omnibus
1352 951 1472 1004 aliis
1523 951 1801 1004 diametris

118 1040 412 1111 suppositis
453 1039 665 1092 euenire
698 1055 874 1106 posse.

714 1198 806 1252 Ad
847 1218 1020 1268 prop.
1059 1199 1198 1254 LIV.

14 1362 22 1372 ς
233 1306 313 1359 Et
383 1305 447 1357 in
508 1307 615 1357 AB
678 1303 940 1371 planum
1004 1303 1077 1355 ad
1138 1305 1400 1372 planum
1463 1306 1802 1360 subiacens

116 1393 652 1463 perpendiculare
710 1391 1022 1461 erigatur,
1077 1395 1139 1444 et
1185 1393 1250 1444 in
1297 1411 1364 1446 eo
1413 1394 1646 1446 circum
1693 1398 1802 1446 AB

43 1472 45 1474 ¹
119 1482 399 1536 circulus
455 1480 862 1533 describatur
908 1482 1157 1551 ΑΕΒΖ,
1209 1481 1303 1533 ita
1357 1483 1425 1533 ut
1470 1501 1619 1550 pars
1667 1482 1803 1535 dia-

117 1571 309 1623 metri
378 1568 607 1622 circuli
674 1569 739 1619 in
809 1571 1142 1636 segmento
1204 1571 1369 1621 ΑΕΒ
1440 1571 1660 1638 posita
1729 1571 1804 1623 ad

994 1659 1265 1723 partem
1340 1657 1667 1711 diametri
1735 1661 1803 1712 in

995 1747 1161 1796 AZB
1193 1745 1474 1813 positam
1499 1747 1802 1800 maiorem

996 1832 1318 1886 rationem
1379 1852 1505 1887 non
1566 1835 1804 1888 habeat

997 1940 1180 1990 quam
1220 1925 1329 1974 AB
1355 1942 1366 1974 ε
1392 1926 1502 1975 ΒΓ
1532 1922 1558 1975 Ι
1596 1942 1645 1992 p.
1684 1925 1804 1992 166,

997 2010 1307 2078 24-168,
1355 2010 1419 2077 2]
1490 2011 1601 2064 sint
1669 2013 1803 2065 duae

997 2100 1174 2149 rectae
1215 2101 1347 2166 AB,
1379 2101 1496 2167 ΒΓ,
1548 2102 1602 2151 et
1650 2119 1805 2168 opor-

1000 2186 1116 2236 teat
1155 2185 1355 2237 circum
1393 2190 1503 2238 AB
1545 2188 1804 2242 circulum

1001 2272 1328 2342 describere,
1406 2272 1486 2326 ita
1563 2278 1623 2327 ut
1696 2276 1807 2328 dia-

1003 2362 1207 2413 metrus
1264 2361 1377 2413 eius
1434 2363 1500 2414 ab
1556 2366 1671 2415 AB
1727 2366 1803 2417 sic

1004 2450 1224 2517 secetur,
1264 2451 1325 2500 ut
1354 2468 1479 2517 pars
1513 2451 1626 2503 eius
1659 2452 1727 2503 ad
1759 2455 1814 2504 Γ

1003 2535 1182 2603 posita
1230 2535 1296 2587 ad
1335 2537 1597 2606 reliquam
1643 2539 1804 2592 ratio-

119 2640 243 2676 nem
284 2622 485 2675 habeat
521 2641 630 2675 non
669 2622 923 2674 maiorem
965 2639 1124 2690 quam
1164 2627 1271 2676 AB
1295 2644 1306 2676 ε
1332 2627 1450 2678 ΒΓ.

238 2713 574 2779 supponatur
617 2728 758 2762 nunc
805 2708 1029 2760 eandem
1070 2709 1292 2775 habere,
1341 2715 1392 2764 et
1431 2717 1537 2764 AB
1577 2713 1632 2764 in
1673 2713 1803 2766 duas

120 2800 304 2865 partes
340 2798 587 2866 aequales
621 2799 830 2850 secetur
859 2796 917 2847 in
948 2799 1018 2866 A,
1050 2799 1104 2849 et
1135 2817 1232 2866 per
1263 2799 1316 2851 id
1350 2799 1413 2851 ad
1439 2804 1547 2852 AB
1578 2819 1801 2870 perpen-

239 2957 290 2999 In
321 2956 396 3012 fig.
430 2958 472 2999 E
502 2970 562 2999 m.
595 2969 685 3000 rec.
718 2954 792 3009 W,
824 2967 908 3010 pro
941 2957 976 2997 B
1008 2955 1114 3000 hab.
1148 2959 1188 2999 E
1221 2970 1244 3002 e
1278 2970 1390 3002 corr.

1445 3033 1533 3076 18*
