2046 3256
220 127 252 178 8
256 125 291 178 2
875 124 1155 169 ΚΩΝΙΚΩΝ
1186 124 1215 168 ὃ
1222 121 1250 170 ’.

1017 287 1123 342 να’.

323 404 455 463 Ἐὰν
494 403 776 478 ὑπερβολὴ
811 405 1070 478 ἑκατέρας
1103 408 1218 461 τῶν
1251 402 1650 478 ἀντικειμένων
1683 405 1923 479 ἐφάπτη-

216 516 331 567 ται,
386 493 420 566 ἡ
477 492 830 569 ἀντικειμένη
887 492 1028 567 αὐτῇ
1080 490 1316 569 οὐδεμιᾷ
1361 502 1477 551 τῶν
1523 492 1923 568 ἀντικειμένων

218 595 590 657 συμπεσεῖται.

158 686 184 726 5
331 678 581 730 ἔστωσαν
637 671 1012 745 ἀντικείμεναι
1067 674 1129 727 αἱ
1172 679 1250 743 A,
1290 677 1364 744 Β,
1418 673 1512 728 καὶ
1557 670 1839 747 ὑπερβολὴ
1886 672 1921 746 ἡ

217 769 326 818 ΑΒ
366 763 625 834 ἑκατέρας
665 758 852 817 αὐτῶν
893 762 1227 833 ἐφαπτέσθω
1267 760 1404 817 κατὰ
1443 760 1511 818 τὰ
1553 770 1622 834 Α,
1663 769 1729 834 Β,
1773 761 1922 820 ἀντι-

216 852 442 924 κειμένη
485 850 547 908 δὲ
587 850 760 921 αὐτῆς
800 854 937 906 ἔστω
978 847 1012 922 ἡ
1047 856 1109 906 E.
1173 851 1334 922 λέγω,
1378 849 1463 907 ὅτι
1502 848 1537 924 ἡ
1569 858 1624 907 Ε
1656 849 1925 928 οὐδετέρᾳ

215 944 331 997 τῶν
371 948 450 1011 A,
490 946 538 995 Β
579 950 951 1010 συμπεσεῖται.

330 1033 381 1085 εἰ
431 1027 539 1100 γὰρ
597 1027 870 1099 δυνατόν,
926 1028 1277 1100 συμπιπτέτω
1332 1031 1398 1102 τῇ
1447 1035 1501 1083 Α
1545 1029 1684 1086 κατὰ
1737 1028 1800 1086 τὸ
1850 1038 1924 1101 A,

135 1133 188 1173 10
220 1118 315 1174 καὶ
353 1118 626 1190 ἤχθωσαν
666 1114 773 1172 ἀπὸ
813 1118 925 1172 τῶν
965 1123 1037 1187 A,
1069 1123 1116 1172 Β
1158 1115 1537 1188 ἐφαπτόμεναι
1568 1121 1682 1174 τῶν
1712 1121 1923 1190 τομῶν·

218 1211 634 1278 συμπεσοῦνται
676 1203 744 1276 δὴ
782 1202 1050 1276 ἀλλήλαις
1083 1202 1241 1270 ἐντὸς
1270 1207 1383 1261 τῶν
1416 1203 1797 1277 ἀσυμπτεότων
1827 1210 1925 1278 τῆς

217 1302 328 1351 AB
367 1298 552 1367 τομῆς.
617 1294 1079 1366 συμπιπτέτωσαν
1110 1294 1248 1358 κατὰ
1283 1293 1345 1350 τὸ
1381 1299 1446 1366 Γ,
1485 1294 1578 1350 καὶ
1611 1293 1921 1368 ἐπεζεύχθω

215 1383 250 1457 ἡ
293 1389 427 1440 ΓΔ·
467 1382 501 1455 ἡ
542 1382 652 1456 ἄρα
685 1388 738 1438 Γ
742 1389 795 1437 A
837 1384 897 1438 ἐν
937 1392 1014 1459 τῷ
1048 1382 1252 1455 μεταξὺ
1282 1383 1433 1458 τόπῳ
1467 1388 1620 1439 ἔσται
1650 1387 1764 1440 τῶν
1795 1389 1922 1455 ΑΓ,

215 1479 337 1530 ΓΒ.
423 1470 562 1528 ἀλλὰ
606 1472 699 1527 καὶ
750 1471 955 1543 μεταξὺ
1000 1474 1115 1527 τῶν
1163 1476 1292 1541 ΒΓ,
1333 1477 1455 1526 ΓΖ·
1513 1469 1648 1545 ὅπερ
1696 1471 1924 1530 ἄτοπον.

133 1577 186 1617 15
222 1560 326 1619 οὐκ
365 1560 475 1633 ἄρα
515 1559 549 1632 ἡ
592 1567 644 1616 Ε
680 1571 1038 1632 συμπεσεῖται
1075 1571 1197 1625 ταῖς
1235 1567 1313 1629 Α,
1346 1567 1407 1615 Β.

1015 1751 1126 1823 νβ’.

324 1870 457 1927 Ἐὰν
498 1871 727 1943 ἑκατέρα
765 1874 879 1927 τῶν
913 1867 1314 1942 ἀντικειμένων
1341 1871 1598 1941 ἑκατέρας
1628 1874 1742 1928 τῶν
1773 1869 1921 1927 ἀντι-

217 1962 491 2032 κειμένων
544 1959 677 2016 καθ’
738 1963 799 2016 ἓν
855 1959 1165 2032 ἐφάπτηται
1213 1960 1301 2016 ἐπὶ
1348 1961 1413 2015 τὰ
1462 1959 1604 2016 αὐτὰ
1650 1959 1716 2017 τὰ
1761 1967 1924 2017 κοῖλα

218 2054 447 2122 ἔχουσα,
490 2048 559 2105 οὐ
599 2059 956 2121 συμπεσεῖται
995 2046 1129 2105 καθ’
1176 2050 1366 2122 ἕτερον
1407 2060 1652 2121 σημεῖον.

129 2153 186 2193 20
331 2139 775 2209 ἐφαπτέσθωσαν
814 2138 922 2210 γὰρ
963 2136 1224 2209 ἀλλήλων
1264 2136 1641 2210 ἀντικείμεναι
1678 2137 1815 2194 κατὰ
1854 2136 1921 2193 τὰ

217 2236 288 2299 Α,
325 2235 379 2282 A
420 2238 633 2298 σημεῖα.
688 2227 850 2297 λέγω,
892 2224 977 2282 ὅτι
1016 2225 1150 2282 καθ’
1197 2228 1386 2298 ἕτερον
1420 2238 1651 2299 σημεῖον
1685 2225 1754 2283 οὐ
1785 2243 1921 2299 συμ-

217 2316 543 2388 βάλλουσιν.

331 2408 382 2459 εἰ
418 2403 525 2477 γὰρ
568 2403 834 2473 δυνατόν,
875 2404 1345 2474 συμβαλλέτωσαν
1383 2401 1522 2458 κατὰ
1560 2402 1624 2459 τὸ
1664 2409 1727 2459 Ε.
1803 2403 1921 2459 ἐπεὶ

220 2485 325 2549 οὖν
396 2490 679 2564 ὑπερβολὴ
741 2495 869 2563 μιᾶς
930 2496 1043 2548 τῶν
1105 2490 1501 2563 ἀντικειμένων
1565 2493 1918 2563 ἐφαπτομένη

107 2581 190 2635 '25
221 2579 360 2636 κατὰ
408 2581 471 2636 τὸ
522 2587 578 2635 A
632 2582 991 2652 συμπέπτωκε
1036 2579 1174 2637 κατὰ
1219 2580 1282 2635 τὸ
1332 2586 1404 2650 Ε,
1461 2578 1495 2651 ἡ
1542 2579 1652 2652 ἄρα
1699 2585 1807 2636 ΑΒ
1854 2583 1921 2653 τῇ

217 2674 335 2725 ΑΓ
368 2666 437 2726 οὐ
477 2668 782 2741 συμβάλλει
820 2668 956 2724 κατὰ
996 2674 1228 2725 πλείονα
1267 2680 1465 2740 σημεῖα
1503 2665 1537 2739 ἢ
1581 2670 1656 2724 ἕν.
1733 2667 1920 2741 ἤχθω-

220 2775 327 2814 σαν
376 2757 484 2814 ἀπὸ
530 2761 645 2814 τῶν
686 2764 764 2828 A,
806 2765 860 2812 A
897 2761 1011 2814 τῶν
1051 2760 1237 2830 τομῶν
1279 2756 1655 2829 ἐφαπτόμεναι
1696 2759 1758 2812 αἱ
1791 2762 1916 2828 ΑΘ,

338 2925 406 2966 17.
456 2918 682 2979 ἑκατέρας
712 2921 805 2967 τῶν
839 2916 1198 2979 ἀντικειμένων]
1231 2935 1277 2977 p,
1310 2933 1399 2964 om.
1424 2918 1481 2963 V.
