2046 3256
662 159 1015 203 CONICORUM
1046 159 1225 201 LIBER
1254 160 1331 203 IV.
1771 158 1840 210 75

155 279 416 350 angulum
453 282 626 331 ΒΖΔ
664 278 830 331 cadet.
905 296 1088 330 rursus
1129 277 1380 348 quoniam
1417 277 1718 347 hyperbola
1758 281 1840 331 est

56 371 67 406 -’
155 369 335 438 ΑΒΓ,
387 369 441 420 et
485 370 617 436 ΑΒ,
648 369 750 420 ΓΖ
797 368 1144 436 concurrunt,
1199 369 1252 419 et
1296 368 1500 435 puncta
1546 383 1837 420 concursus

9 511 13 530 Ι
62 443 63 446 “
153 459 220 524 Α,
250 458 297 508 Β
335 457 593 524 punctum
627 473 917 509 concursus
950 456 1004 507 Γ
1027 472 1135 507 non
1167 455 1463 520 continent,
1502 449 1841 523 punctum'Z

153 544 298 596 intra
337 545 674 612 asymptotas
717 543 967 596 sectionis
1008 544 1181 595 ΑΒΓ
1210 543 1448 612 positum
1488 538 1635 612 estff)
1701 545 1754 595 et
1793 543 1841 595 ei

153 631 404 700 opposita
449 634 532 683 est
570 634 648 700 Δ,
695 631 875 701 itaque
923 633 1070 683 recta
1118 649 1150 682 a
1190 634 1246 682 A
1291 631 1357 683 ad
1396 634 1441 682 Z
1489 630 1647 683 ducta
1693 630 1839 683 intra

153 720 407 790 angulum
439 722 610 773 ΑΖΓ
642 719 815 789 cadet3
858 719 1000 789 quod
1040 719 1332 772 absurdum
1373 721 1476 787 est3
1515 737 1641 772 nam
1674 719 1839 771 etiam

150 807 210 860 in
249 807 509 877 angulum
546 810 715 860 ΒΖΔ
753 808 990 861 cadebat.
1053 824 1180 877 ergo
1215 809 1321 860 ΓΕ
1356 825 1477 860 cum
1508 810 1700 860 neutra
1732 825 1839 861 sec-

149 896 354 950 tionum
393 900 447 949 A
457 898 572 966 ΒΓ,
604 900 660 948 A
699 898 989 950 concurret.

868 1056 1118 1111 XLVIII.

260 1159 317 1213 Si
355 1160 653 1230 hyperbola
693 1159 917 1212 alteram
958 1159 1331 1229 oppositarum
1379 1159 1435 1211 in
1484 1176 1588 1212 uno
1634 1161 1836 1228 puncto

150 1248 437 1318 contingit,
482 1249 539 1300 in
579 1248 785 1301 duobus
827 1251 1006 1302 autem
1053 1266 1173 1302 cum
1222 1266 1285 1301 ea
1333 1248 1621 1317 concurrit,
1669 1248 1835 1301 sectio

151 1337 200 1388 ei
239 1336 490 1406 opposita
529 1354 650 1390 cum
691 1337 941 1406 opposita
978 1354 1090 1389 non
1130 1338 1421 1389 concurret.

261 1424 370 1476 sint
410 1424 690 1493 oppositae
730 1426 907 1492 ΑΒΓ,
938 1428 1006 1494 A,
1050 1427 1104 1477 et
1140 1423 1440 1493 hyperbola
1478 1426 1658 1476 ΑΗΓ
1689 1424 1744 1477 in
1783 1429 1837 1477 A

151 1512 442 1582 contingat,
479 1513 535 1564 in
573 1516 636 1582 Β,
668 1514 722 1564 Γ
753 1514 930 1565 autem
972 1515 1128 1581 secet,
1169 1514 1223 1564 et
1263 1511 1488 1565 sectioni
1529 1516 1581 1564 Α
1592 1514 1711 1564 ΗΓ
1743 1530 1836 1581 op-

1434 1600 1613 1668 posita
1660 1600 1732 1653 sit
1772 1604 1836 1653 E.

1435 1687 1574 1754 dico,
1629 1692 1682 1740 Ε
1716 1707 1837 1742 cum

1433 1779 1488 1826 A
1547 1794 1655 1829 non
1715 1794 1837 1830 con-

1435 1881 1661 1916 currere.

1507 1969 1633 2004 nam
1659 1952 1704 2004 si
1720 1952 1836 2004 fieri

1432 2041 1636 2108 potest,
1684 2040 1741 2092 in
1780 2044 1836 2091 A

1486 2131 1788 2198 concurrat,

1471 2214 1796 2284 ducaturque

150 2301 264 2352 ΒΓ
293 2303 346 2353 et
386 2299 452 2353 ad
492 2303 536 2352 Z
574 2300 915 2369 producatur,
954 2301 1021 2353 ab
1061 2306 1114 2353 A
1152 2303 1333 2354 autem
1363 2305 1472 2354 AZ
1511 2302 1830 2372 contingens

149 2386 387 2441 ducatur.
469 2388 579 2440 iam
633 2388 819 2441 eodem
874 2388 1056 2458 modo,
1110 2407 1214 2458 quo
1263 2392 1442 2459 antea,
1497 2391 1832 2443 demonstra-

149 2473 340 2543 bimuS,
377 2476 634 2542 punctum
668 2478 715 2526 Z
753 2476 896 2528 intra
935 2477 1191 2546 angulum
1233 2477 1299 2529 ab
1334 2477 1657 2546 asymptotis
1689 2496 1830 2531 com-

148 2560 469 2628 prehensum
515 2563 751 2630 positum
800 2581 915 2616 esse
966 2563 1060 2633 [II,
1107 2563 1216 2631 25].
1296 2567 1350 2617 et
1388 2568 1496 2617 AZ
1546 2568 1828 2634 utramque

150 2648 440 2701 sectionem
494 2651 791 2720 continget,
852 2654 907 2703 A
919 2654 962 2702 Z
1017 2653 1195 2704 autem
1249 2651 1509 2721 producta
1563 2653 1827 2706 sectiones

147 2734 288 2788 inter
311 2740 377 2806 A,
394 2741 440 2789 Β
471 2736 528 2789 in
550 2740 621 2807 H,
638 2740 697 2789 K
723 2738 939 2791 secabit.
990 2739 1165 2808 sitque
1190 2741 1290 2791 ΓΖ
1308 2758 1320 2791 :
1338 2743 1439 2791 ZB
1465 2763 1534 2781 =
1561 2742 1660 2792 ΓΛ
1675 2759 1687 2792 :
1704 2743 1755 2792 A
1765 2731 1828 2810 B,

268 2866 310 2920 1)
350 2865 438 2909 Hic
478 2865 622 2910 iidem
661 2881 848 2923 prorsus
889 2880 1064 2911 errores
1106 2869 1234 2923 sunt,
1275 2880 1389 2923 quos
1429 2867 1488 2910 ad
1520 2880 1648 2923 prop.
1682 2867 1828 2913 XLIII

148 2923 426 2969 notauimus.
474 2923 550 2969 hic
584 2938 764 2980 quoque
793 2929 930 2969 ΓΖΔ
960 2924 1010 2968 in
1032 2925 1180 2983 figura
1205 2924 1378 2970 codicis
1404 2924 1447 2968 V
1471 2938 1561 2968 una
1585 2928 1656 2970 est
1679 2929 1824 2973 recta.
