2020 3236
145 1128 199 1167 10

142 1571 197 1611 15

139 2014 197 2053 20

142 2517 198 2555 25

234 140 342 194 358
704 144 1143 187 COMMENTARIA
1172 145 1457 198 ANTIQUA.

232 261 584 331 παράλληλος
637 258 775 333 αὐτῇ
832 259 866 332 ἡ
916 266 1024 316 ΓΔ
1035 267 1103 316 Ε·
1159 263 1286 332 δίχα
1339 259 1448 334 ἄρα
1494 262 1748 334 τέτμηται
1793 261 1932 318 κατὰ

231 347 294 404 τὸ
335 354 383 404 Θ
421 350 483 404 ἐν
522 348 624 420 μὲν
664 358 729 422 τῇ
771 354 1001 405 ΕΑΒΓ
1031 350 1383 421 γεγραμμένη
1424 347 1458 421 ἡ
1498 355 1619 421 ΕΓ,
1658 352 1720 406 ἐν
1759 349 1822 406 δὲ
1859 353 1927 424 τῇ

235 436 528 509 ΔΑΒΓὴ
565 443 686 494 ΔΓ.
727 445 818 509 ἴση
853 436 962 508 ἄρα
993 437 1027 508 ἡ
1062 444 1166 494 ΕΘ
1196 448 1262 512 τῇ
1289 444 1424 494 ΘΔ·
1461 437 1596 510 ὅπερ
1628 437 1930 496 ἀδύνατον.

820 569 1068 637 ’Ἀλλως
1104 570 1172 627 τὸ
1215 571 1334 643 μγ’.

330 674 622 730 ’Έστωσαν
669 671 1045 745 ἀντικείμεναι
1091 678 1153 730 αἱ
1188 683 1266 746 A,
1306 682 1379 746 Β,
1425 675 1517 731 καὶ
1563 672 1844 747 ὑπερβολὴ
1893 673 1927 746 ἡ

230 768 460 819 ΓΑΒΔ
507 764 772 831 ἑκατέραν
818 767 931 819 τῶν
971 760 1370 835 ἀντικειμένων
1407 765 1648 836 τεμνέτω
1687 763 1824 819 κατὰ
1861 762 1929 819 τὰ

233 857 293 922 Γ,
326 860 397 922 A,
431 858 496 922 Β,
531 860 603 921 Δ,
644 851 995 924 ἀντικειμένη
1039 853 1101 908 δὲ
1140 852 1309 924 αὐτῆς
1349 858 1486 909 ἔστω
1517 850 1552 925 ἡ
1586 858 1705 909 ΕΖ.
1774 853 1932 924 λέγω,

232 939 316 996 ὅτι
355 939 390 1012 ἡ
431 947 535 996 ΕΖ
576 938 844 1012 οὐδετέρα
881 945 995 996 τῶν
1033 938 1431 1013 ἀντικειμένων
1472 953 1841 1013 συμπεσεῖται.

343 1029 765 1101 ἐπεζεύχθωσαν
804 1028 910 1100 γὰρ
951 1033 1013 1084 αἱ
1040 1036 1168 1099 ΔΒ,
1202 1035 1303 1086 ΓΑ
1334 1032 1427 1086 καὶ
1459 1030 1928 1102 ἐκβεβλήσθωσαν

230 1118 322 1173 καὶ
378 1119 838 1189 συμπιπτέτωσαν
894 1116 1161 1190 ἀλλήλαις
1206 1118 1343 1175 κατὰ
1393 1118 1457 1175 τὸ
1504 1125 1572 1175 Θ·
1621 1123 1773 1175 ἔσται
1819 1116 1930 1190 ἄρα

229 1205 292 1262 τὸ
326 1212 373 1262 Θ
404 1206 607 1278 μεταξὺ
639 1211 752 1262 τῶν
785 1205 1166 1279 ἀσυμπτιότων
1200 1211 1297 1277 τῆς
1321 1213 1484 1263 ΓΑΒ
1517 1211 1707 1280 τομῆς.
1767 1212 1930 1263 ἔστω-

231 1313 338 1350 σαν
361 1294 717 1368 ἀσύμπτωτοι
741 1299 838 1366 τῆς
863 1301 1094 1351 ΓΑΒΔ
1119 1299 1180 1351 αἱ
1203 1301 1401 1366 ΚΗΛ,
1427 1303 1499 1352 Μ
1501 1302 1564 1351 Η
1568 1303 1628 1351 Ν
1634 1315 1646 1327 ·
1675 1295 1929 1369 φανερὸν

231 1383 327 1454 δή,
370 1382 454 1439 ὅτι
494 1387 555 1439 αἱ
590 1389 776 1439 ΝΗΛ
813 1382 917 1455 τὴν
956 1391 1060 1439 ΕΖ
1099 1384 1278 1455 τομὴν
1318 1387 1687 1457 περιέχουσιν.
1759 1385 1854 1441 καὶ
1892 1383 1927 1456 ἡ

234 1476 337 1527 ΓΑ
367 1474 551 1543 τέμνει
583 1471 686 1544 τὴν
720 1475 885 1536 ΓΑΞ
910 1472 1088 1544 τομὴν
1119 1475 1258 1529 κατὰ
1292 1473 1397 1529 δὺο
1432 1486 1629 1544 σημεῖα
1659 1473 1726 1529 τὰ
1761 1479 1826 1545 Γ,
1853 1480 1928 1529 Α·

231 1562 606 1632 ἐκβαλλομένη
678 1561 787 1631 ἄρα
858 1560 946 1632 ἐφ’
1022 1563 1252 1634 ἑκάτερα
1315 1573 1381 1635 τῇ
1444 1563 1795 1635 ἀντικειμένῃ
1859 1560 1929 1618 οὐ

230 1661 586 1721 συμπεσεῖται
647 1655 712 1724 τῇ
768 1657 824 1705 Δ
837 1658 882 1706 Β
895 1657 964 1721 Ο,
1029 1649 1149 1706 ἀλλ’
1217 1655 1366 1707 ἔσται
1418 1649 1621 1722 μεταξὺ
1673 1653 1769 1722 τῆς
1823 1655 1929 1705 ΒΟ

227 1747 399 1808 τομῆς
459 1739 551 1793 καὶ
604 1747 702 1809 τῆς
757 1744 887 1795 ΛΗ.
982 1737 1189 1810 ὁμοίως
1251 1738 1319 1810 δὴ
1383 1740 1476 1795 καὶ
1535 1737 1569 1810 ἡ
1628 1745 1797 1795 ΔΒΘ
1858 1737 1928 1795 οὐ

230 1837 584 1897 συμπεσεῖται
622 1831 689 1899 τῇ
729 1832 783 1882 Γ
785 1829 907 1897 ΑΞ,
952 1826 1073 1882 ἀλλ’
1118 1831 1269 1882 ἔσται
1309 1827 1512 1898 μεταξὺ
1551 1831 1648 1898 τῆς
1687 1830 1801 1890 ΛΞ
1834 1827 1927 1883 καὶ

228 1918 326 1985 τῆς
378 1921 516 1970 ΗΝ.
607 1915 722 1970 ἐπεὶ
779 1909 884 1971 οὖν
941 1918 1001 1969 αἱ
1052 1921 1190 1986 ΘΠ,
1232 1921 1337 1970 ΘΡ
1385 1914 1458 1986 μὴ
1515 1919 1927 1986 συμπίπτουσαι

228 2014 348 2068 ταῖς
387 2010 464 2073 Α,
498 2010 544 2058 Β
583 2016 776 2075 τομαῖς
815 2005 1131 2076 περιέχουσι
1170 2005 1269 2069 τὰς
1314 2009 1490 2058 ΝΗΛ
1528 2003 1929 2075 ἀσυμπτώτους

228 2091 320 2146 καὶ
374 2095 560 2166 πολλῷ
609 2095 823 2162 μᾶλλον
869 2093 971 2163 τὴν
1019 2099 1122 2148 ΕΖ
1169 2092 1372 2163 τομήν,
1419 2090 1453 2161 ἡ
1507 2097 1610 2146 ΕΖ
1659 2089 1925 2167 οὐδετέρᾳ

227 2183 341 2235 τῶν
382 2178 781 2252 ἀντικειμένων
822 2193 1191 2253 συμπεσεῖται.

817 2314 1060 2378 ’Ἄλλως
1097 2313 1168 2368 τὸ
1207 2313 1323 2368 να’.

343 2418 530 2486 Λέγω,
579 2414 664 2471 ὅτι
711 2414 746 2486 ἡ
791 2423 843 2471 Ε
886 2415 1152 2489 οὐδετέρᾳ
1198 2420 1310 2472 τῶν
1350 2422 1428 2486 A,
1462 2420 1508 2468 Β
1557 2425 1927 2485 συμπεσεῖται.

343 2505 614 2577 ἤχθωσαν
661 2503 768 2560 ἀπὸ
817 2508 930 2560 τῶν
970 2513 1047 2575 A,
1082 2512 1127 2559 B
1172 2503 1548 2575 ἐφαπτόμεναι
1587 2506 1699 2559 τῶν
1738 2506 1926 2575 τομῶν

351 2643 391 2682 2.
427 2634 478 2682 ἐν
497 2637 598 2694 (alt.
602 2638 639 2696 )]
666 2636 713 2682 εἰ
733 2637 848 2694 Wp,
881 2652 997 2682 corr.
1017 2636 1190 2682 Comm.
1286 2643 1325 2681 7.
1360 2636 1425 2694 Γ]
1450 2636 1610 2680 inseri).
1629 2636 1705 2680 W.
1798 2632 1925 2680 ἀντι-

231 2695 484 2754 κειμένηνῖ
519 2711 667 2754 comp.
687 2712 730 2753 p
825 2692 944 2752 αὐτῇ
977 2696 1163 2753 Halley‘.
1256 2702 1297 2741 8.
1337 2695 1440 2754 EZ]
1474 2710 1520 2752 p,
1555 2692 1603 2748 ἐξ
1635 2696 1745 2751 post
1773 2708 1864 2740 ras.

230 2755 322 2800 litt.
348 2756 422 2800 W.
567 2755 892 2827 συμπεσεῖται]
926 2771 1040 2812 σνμ-
1067 2769 1209 2812 supra
1241 2769 1325 2799 scr.
1351 2770 1412 2800 m.
1440 2759 1463 2798 1
1496 2770 1540 2811 p.
1675 2759 1743 2797 11.
1776 2700 1924 2810 ἀσνμ1

229 2812 451 2872 πτώτων]
501 2813 814 2872 συμπτώσεων
857 2815 981 2870 Wp,
1029 2828 1143 2859 corr.
1186 2815 1361 2859 Comm.
1532 2815 1714 2856 ΓΑΒΔ
1753 2812 1924 2870 Halley
1979 2869 1985 2872 ‘

231 2887 338 2917 oum
370 2874 542 2918 Comm.
668 2879 737 2918 14.
772 2876 903 2917 ΓΑΖ
935 2888 979 2929 p.
1106 2879 1174 2918 15.
1207 2871 1320 2946 ἄρα]
1357 2887 1444 2917 om.
1464 2873 1578 2928 Wp,
1612 2886 1729 2917 corr.
1751 2871 1924 2928 Halley

233 2946 337 2976 cum
372 2933 568 2987 Commq
601 2935 754 2989 possis
788 2933 931 2977 etiam
962 2932 1043 2977 lin
1078 2936 1132 2975 13
1165 2932 1246 2976 καὶ
1280 2929 1404 2976 ἐπεὶ
1437 2929 1466 2987 ἡ
1500 2929 1924 2976 scribere.17.
