2046 3256
221 181 328 233 202
689 183 1127 226 COMMENTARIA
1157 183 1439 236 ANTIQUA.

222 303 349 372 δίχα
403 300 669 370 τέμνουσι
723 302 820 365 τὰς
876 297 1133 370 ἀλλήλων
1189 298 1609 372 παραλλήλους,
1661 299 1919 371 λέγονται

220 395 471 459 συζυγεϊς
512 388 818 461 διάμετροι,
857 387 958 444 ἐὰν
999 388 1061 444 δὲ
1102 392 1230 460 δίχα
1269 390 1362 444 καὶ
1401 392 1540 460 πρὸς
1579 386 1783 461 ὀρθάς,
1822 408 1918 446 συ-

222 483 399 548 ζυγεϊς
437 476 634 544 ἄξονες
674 477 1056 549 ὀνομάζονται.

907 609 1008 670 Εἰς
1047 604 1107 661 τὸ
1151 604 1223 660 α’.

158 707 184 746 5
331 701 473 771 Περὶ
529 703 641 756 τῶν
697 700 992 773 διαφόρων
1048 705 1424 772 καταγραφῶν
1478 700 1598 774 ἤτοι
1650 701 1917 758 πτώσεων

217 793 330 844 τῶν
385 789 771 862 θεωρημάτων
826 793 1100 846 τοσοῦτον
1157 794 1363 861 ἰστέον,
1421 789 1506 847 ὅτι
1561 794 1765 857 πτῶσις
1814 793 1918 863 μέν

218 881 394 948 ἐστιν,
445 877 579 934 ὅταν
627 877 693 933 τὰ
743 879 804 934 ἐν
848 888 913 951 τῇ
955 879 1220 950 προτάσει
1262 880 1536 951 δεδομένα
1574 883 1641 953 τῇ
1682 880 1841 936 θέσει
1878 873 1916 954 ᾗ

218 968 485 1023 δοθέντα·
526 965 559 1038 ἡ
600 965 706 1038 γὰρ
744 966 1020 1038 διάφορος
1052 966 1238 1023 αὐτῶν
1273 966 1576 1039 μετάληψις
1606 971 1708 1024 τοῦ
1740 968 1915 1025 αὐτοῦ

217 1055 680 1129 συμπεράσματος
736 1054 896 1122 ὄντος
948 1068 1101 1112 ποιεῖ
1146 1059 1249 1127 τὴν
1294 1059 1522 1113 πτῶσιν.
1601 1053 1805 1128 ὁμοίως
1853 1057 1917 1114 δὲ

134 1158 188 1198 10
219 1145 311 1200 καὶ
344 1143 451 1200 άπὸ
486 1154 583 1216 τῆς
617 1149 959 1216 κατασκευῆς
990 1148 1422 1217 μετατιθεμένης
1453 1149 1665 1217 γίνεται
1694 1150 1916 1213 πτῶσις.

215 1233 424 1299 πολλὰς
472 1234 533 1289 δὲ
582 1233 826 1305 ἐχόντων
872 1238 987 1290 τῶν
1033 1234 1419 1306 θεωρημάτων
1459 1235 1661 1301 πάσαις
1698 1233 1732 1307 ἡ
1774 1233 1912 1308 αὐτὴ

215 1320 496 1390 ἀπόδειξις
535 1321 758 1396 ἁρμόζει
799 1323 889 1378 καὶ
932 1323 1013 1377 ἐπὶ
1057 1331 1170 1379 τῶν
1210 1323 1399 1380 αὐτῶν
1441 1330 1731 1396 στοιχείων
1769 1323 1915 1396 πλὴν

214 1413 495 1483 βραχέων,
551 1410 624 1477 ὡς
680 1412 803 1483 ἑξῆς
856 1412 1146 1484 εἰσόμεθα·
1203 1411 1378 1478 εὐθὺς
1425 1413 1531 1484 γὰρ
1578 1413 1641 1469 τὸ
1689 1423 1914 1485 πρῶτον

212 1500 480 1573 θεώρημα
524 1512 669 1573 τρεῖς
707 1500 947 1571 πριόσεις
987 1505 1096 1572 ἔχει
1141 1500 1230 1557 διὰ
1271 1501 1332 1557 τὸ
1374 1500 1436 1557 τὸ
1477 1501 1911 1573 λαμβανόμενον

127 1602 181 1642 15
216 1601 448 1661 σημεῖον
491 1591 578 1646 ἐπὶ
617 1593 716 1660 τῆς
757 1592 1099 1659 ἐπιφανείας,
1138 1591 1389 1646 τουτέστι
1428 1588 1488 1646 τὸ
1530 1597 1596 1661 Β,
1638 1590 1770 1647 ποτὲ
1810 1591 1911 1661 μὲν

215 1682 294 1744 εἰς
339 1678 442 1749 τὴν
490 1681 779 1750 κατωτέρω
822 1678 1156 1749 ἐπιφάνειαν
1198 1677 1343 1735 εἶναι
1388 1680 1481 1735 καὶ
1528 1688 1694 1735 τοῦτο
1744 1684 1913 1752 διχῶς

213 1763 246 1837 ἢ
287 1765 548 1839 ἀνωτέρω
589 1771 691 1822 τοῦ
729 1766 941 1823 κύκλου
980 1764 1013 1838 ἢ
1054 1769 1371 1839 κατωτέρω,
1411 1769 1543 1824 ποτὲ
1583 1767 1646 1824 δὲ
1688 1769 1775 1825 ἐπὶ
1814 1772 1912 1840 τῆς

211 1855 349 1912 κατὰ
380 1854 637 1928 κορυφὴν
672 1853 812 1928 αὐτῇ
847 1858 1206 1928 ἐπικειμένης.
1253 1861 1417 1912 τοῦτο
1453 1856 1514 1912 δὲ
1545 1858 1607 1913 τὸ
1641 1857 1910 1929 θεώρημα

212 1945 486 2014 προέθετο
529 1949 779 2017 ζητῆσαι,
821 1943 904 1999 ὅτι
946 1942 1048 2000 οὐκ
1090 1946 1176 2000 ἐπὶ
1215 1945 1394 2001 πάντα
1435 1945 1539 2001 δύο
1581 1958 1781 2018 σημεῖα
1821 1947 1910 2003 ἐπὶ

123 2047 181 2087 20
211 2037 310 2104 τῆς
371 2036 695 2105 ἐπιφανείας
759 2034 1157 2106 λαμβανόμενα
1224 2037 1652 2106 ἐπιζευγνυμένη
1715 2034 1910 2092 εὐθεῖα

211 2123 298 2177 ἐπὶ
338 2125 434 2193 τῆς
474 2125 801 2194 ἐπιφανείας
841 2124 1019 2193 ἐστίν,
1060 2120 1181 2178 ἀλλ’
1238 2121 1271 2193 ἡ
1313 2122 1559 2179 νεύουσα
1599 2123 1781 2194 μόνον
1822 2125 1908 2180 ἐπὶ

209 2211 315 2281 τὴν
355 2210 634 2282 κορυφήν,
677 2209 770 2266 διὰ
809 2212 871 2266 τὸ
913 2213 1004 2266 καὶ
1044 2210 1153 2267 ὑπὸ
1189 2210 1415 2277 εὐθείας
1451 2213 1514 2268 τὸ
1550 2214 1720 2285 πέρας
1753 2212 1908 2284 ἐχού-

211 2316 310 2369 σης
357 2300 530 2370 μένον
576 2303 917 2371 γεγενῆσθαι
965 2300 1068 2370 τὴν
1108 2300 1355 2370 κωνικὴν
1399 2300 1744 2372 ἐπιφάνειαν.
1821 2300 1906 2358 ὅτι

211 2387 273 2442 δὲ
312 2397 478 2443 τοῦτο
521 2387 756 2459 ἀληθές,
797 2388 858 2444 τὸ
901 2390 1165 2462 δεύτερον
1204 2388 1474 2461 θεώρημα
1514 2393 1688 2460 δηλοῖ.

120 2526 175 2566 25
908 2511 1008 2573 Εἰς
1045 2506 1109 2563 τὸ
1149 2507 1221 2578 β’.

328 2601 403 2657 Τὸ
453 2601 721 2673 δεύτερον
751 2603 1037 2674 ’θεώρημα
1084 2615 1229 2674 τρεῖς
1277 2608 1386 2675 ἔχει
1433 2603 1667 2670 πτώσεις
1710 2603 1803 2660 διὰ
1842 2605 1904 2660 τὸ

207 2691 272 2745 τὰ
317 2691 715 2761 λαμβανόμενα
756 2704 954 2763 σημεῖα
994 2692 1060 2747 τὰ
1101 2700 1172 2762 Δ,
1213 2698 1265 2748 Ε
1301 2690 1335 2763 ἢ
1378 2694 1464 2748 ἐπὶ
1503 2696 1600 2763 τῆς
1638 2693 1775 2748 κατὰ
1816 2714 1904 2748 κο-

331 2807 368 2847 1.
395 2803 645 2857 τέμνουσιν
670 2802 743 2846 W.
855 2808 895 2847 2.
923 2803 1186 2862 διάμετροι]
1211 2821 1282 2847 -οι
1306 2817 1419 2848 corr.
1447 2818 1502 2848 ex
1527 2821 1580 2848 ov
1604 2804 1678 2849 W.
1791 2805 1906 2848 Post

210 2859 363 2916 ὀρθάς
395 2861 500 2905 add.
537 2857 594 2906 οὐ
627 2861 749 2918 Wp,
793 2876 908 2906 corr,
943 2862 1115 2907 Comm.
1272 2867 1340 2907 11.
1382 2863 1575 2922 πολλάς]
1610 2860 1756 2907 πολλά
1789 2863 1904 2920 Wp,

210 2933 325 2966 corr.
347 2919 520 2965 Comm.
646 2925 715 2966 13.
749 2918 1003 2980 εἰσόμεθα]
1036 2926 1073 2965 θ
1105 2923 1152 2965 in
1177 2936 1269 2966 ras.
1294 2936 1355 2967 m.
1384 2926 1406 2965 1
1440 2921 1515 2967 W.
1640 2926 1708 2967 14.
1741 2920 1793 2967 τὸ
1826 2922 1902 2979 τό]

209 2980 398 3037 scripsi,
438 2978 491 3023 τό
526 2980 636 3036 Wp.
793 2978 1182 3040 λαμβαννόμενον
1214 2981 1287 3025 W.
1443 2985 1512 3026 15.
1554 2981 1794 3026 τουτέστιν
1825 2980 1902 3024 W.
