2046 3256
248 139 320 192 52
913 140 1191 189 ΚΩΝΙΚΩΝ
1223 139 1286 186 δ’.

361 257 671 330 ἐπεζεύχθω
714 257 783 330 δὴ
822 257 913 313 καὶ
950 255 983 330 ἡ
1017 264 1146 314 ΑΒ·
1186 255 1220 330 ἡ
1260 259 1370 330 ἄρα
1402 265 1512 314 ΔΖ
1543 257 1646 332 τὴν
1675 265 1786 316 ΑΒ
1819 262 1947 332 δίχα

247 349 432 419 τέμνει
479 345 617 403 κατὰ
665 345 727 403 τὸ
770 352 829 402 Ζ.
905 357 1078 419 τεμεῖ.
1103 346 1172 418 δὴ
1220 345 1254 419 ἡ
1295 354 1351 403 Δ
1364 354 1409 403 Ζ
1454 347 1553 414 τὰς
1596 349 1770 420 τομὰς
1804 351 1943 406 κατὰ

247 436 314 492 τὰ
362 443 445 507 Η,
485 442 563 491 Μ.
642 439 794 492 ἔσται
846 436 907 491 δθ
966 436 1060 492 διὰ
1109 436 1211 508 μὲν
1257 437 1362 508 τὴν
1409 442 1582 492 ΑΗΒ
1627 434 1946 510 ὑπερβολὴν

251 1191 377 1240 ἴσον
423 1208 485 1242 το
534 1185 647 1243 ὑπὸ
691 1193 862 1243 ΖΔΛ
908 1191 982 1265 τῷ
1031 1186 1138 1244 ἄπο
1182 1194 1328 1260 ΔΗ,
1378 1187 1472 1244 διὰ
1520 1187 1582 1244 δὲ
1623 1210 1726 1260 την
1765 1193 1947 1243 ΑΜΒ

182 1290 216 1330 5
249 1275 311 1329 τὸ
359 1272 467 1331 ὑπὸ
511 1282 684 1331 ΖΔΛ
731 1284 858 1332 ἴσον
902 1279 978 1353 τῷ
1028 1275 1136 1333 ἀπὸ
1186 1283 1329 1333 AM.
1404 1276 1467 1334 τὸ
1516 1275 1624 1349 ἄρα
1669 1274 1778 1332 ἀπὸ
1818 1281 1949 1332 ΜΔ

250 1369 377 1418 ἴσον
416 1366 492 1440 τῷ
534 1362 643 1420 ἀπὸ
685 1371 826 1420 ΔΗ·
869 1363 1002 1438 ’ὅπερ
1043 1364 1341 1421 ἀδύνατον.

1048 1513 1152 1568 λδ’.

356 1611 486 1668 Ἐὰν
527 1616 767 1680 ἔλλειψις
799 1615 1092 1682 ἐλλείψεως
1122 1611 1155 1685 ἢ
1190 1614 1398 1670 κύκλου
1430 1619 1779 1688 περιφερείας
1809 1615 1946 1671 κατὰ

251 1700 356 1756 δύο
399 1712 598 1773 σημεῖα
638 1701 946 1774 ἐφάπτηται
984 1704 1047 1759 τὸ
1091 1701 1228 1759 αὐτὸ
1260 1704 1493 1777 κέντρον
1525 1708 1747 1776 ἔχουσα,
1786 1701 1820 1775 ἡ
1852 1701 1950 1769 τὰς

164 1807 219 1847 10
251 1787 401 1862 ἁφὰς
440 1789 876 1861 ἐπιζευγνύουσα
917 1790 1011 1846 διὰ
1050 1800 1154 1847 τοῦ
1191 1793 1427 1862 κέντρου
1465 1803 1724 1848 πεσεῖται.

367 1880 812 1950 ἐφαπτέσθωσαν
851 1878 958 1952 γὰρ
999 1878 1258 1952 ἀλλήλων
1299 1883 1363 1935 αἱ
1388 1881 1673 1953 εἰρημέναι
1701 1881 1949 1954 γραμμαὶ

249 1965 387 2022 κατὰ
426 1966 492 2023 τὰ
533 1975 610 2038 Α,
643 1974 690 2023 Β
733 1979 956 2040 σημεῖα,
997 1969 1089 2024 καὶ
1130 1970 1439 2041 ἐπεζεύχθω
1479 1966 1512 2040 ἡ
1554 1974 1682 2040 ΑΒ,
1723 1970 1817 2025 καὶ
1856 1969 1950 2026 διὰ

249 2058 363 2110 τῶν
403 2062 481 2126 Α,
515 2062 562 2111 Β
612 2056 990 2128 ἐφαπτόμεναι
1035 2060 1149 2113 τῶν
1197 2060 1384 2129 τομῶν
1429 2057 1700 2129 ἤχθωσαν
1737 2063 1855 2130 καί,
1901 2063 1954 2115 εἰ

252 2144 524 2215 δυνατόν,
573 2147 1035 2217 συμπιπτέτωσαν
1073 2144 1210 2202 κατὰ
1249 2145 1312 2202 τὸ
1353 2153 1430 2217 Λ,
1467 2147 1560 2202 καὶ
1598 2145 1632 2218 ἡ
1673 2152 1783 2202 ΑΒ
1823 2150 1951 2219 δίχα

166 2250 220 2289 15
252 2232 544 2304 τετμήσθω
583 2233 720 2289 κατὰ
753 2233 815 2290 τὸ
850 2240 913 2304 Ζ,
952 2235 1043 2290 καὶ
1078 2234 1386 2306 ἐπεζεύχθω
1420 2233 1454 2306 ἡ
1488 2241 1616 2290 ΛΖ·
1639 2235 1951 2308 διάμετρος

254 2318 360 2392 ἄρα
401 2321 552 2377 ἐστὶν
593 2320 626 2392 ἡ
669 2328 719 2376 Λ
732 2328 776 2376 Ζ
815 2331 929 2377 τῶν
967 2326 1169 2394 τομῶν.

366 2412 523 2479 ἔστω,
557 2413 608 2464 εἰ
639 2410 903 2483 δυνατόν,
942 2412 1175 2484 κέντρον
1206 2410 1269 2467 τὸ
1305 2418 1380 2465 Δ·
1422 2415 1574 2467 ἔσται
1605 2410 1714 2483 ἄρα
1744 2410 1808 2467 τὸ
1839 2409 1949 2467 ὑπὸ

254 2502 426 2552 ΛΔΖ
475 2495 569 2552 διὰ
616 2497 717 2568 μὲν
763 2497 866 2568 τὴν
914 2499 1107 2569 ἑτέραν
1151 2498 1327 2570 τομῆν
1375 2507 1500 2555 ἴσον
1546 2502 1622 2575 τῷ
1663 2497 1771 2555 ἀπὸ
1811 2506 1950 2571 ΔΗ,

256 2584 349 2640 διὰ
400 2586 461 2641 δὲ
508 2584 611 2656 τὴν
660 2587 852 2657 ἑτέραν
900 2594 1025 2643 ἴσον
1071 2591 1146 2663 τῷ
1195 2585 1303 2643 ἀπὸ
1347 2593 1497 2643 ΜΛ·
1546 2586 1684 2643 ὥστε
1729 2587 1792 2644 τὸ
1842 2587 1950 2643 ἀπὸ

166 2693 223 2733 20
256 2679 378 2728 HA
427 2681 552 2729 ἴσον
597 2677 672 2748 τῷ
714 2672 821 2729 ἀπὸ
864 2681 1014 2730 ΔΜ·
1055 2676 1189 2747 ὅπερ
1230 2673 1527 2732 ἀδύνατον.
1605 2673 1709 2731 οὐκ
1745 2675 1854 2749 ἄρα
1894 2678 1956 2732 αἱ

379 2814 416 2852 1.
451 2805 533 2866 δή]
567 2805 652 2851 δέῗ
692 2822 736 2864 p.
868 2812 907 2850 4.
942 2804 1016 2865 τό]
1052 2822 1175 2865 cvp;
1218 2808 1271 2853 δὲ
1305 2805 1358 2851 τό
1392 2808 1448 2865 V,
1483 2807 1565 2852 sed
1596 2805 1652 2852 δέ
1692 2809 1781 2853 del.
1813 2823 1874 2852 m.
1910 2814 1948 2856 1.

318 2870 358 2911 5.
392 2867 549 2924 ΖΔΛ]
583 2879 661 2921 cv,
696 2879 812 2910 corr.
848 2879 904 2910 ex
937 2869 1082 2910 ZMA
1114 2883 1174 2914 m.
1212 2871 1234 2909 1
1270 2867 1324 2913 V.
1429 2871 1497 2911 18.
1531 2867 1687 2925 AAZ]
1721 2871 1854 2911 ΔΑΖ
1886 2867 1948 2924 V3

259 2928 363 2981 AA,
387 2927 473 2968 AZ
504 2940 557 2982 p3
593 2939 705 2970 corr,
731 2924 911 2982 Halley.
