2046 3224
694 162 1156 208 PROLEGOMENA.
1631 164 1779 208 LXIII

213 281 400 336 praeter
430 280 514 324 hos
546 280 688 335 locos,
719 294 835 337 quos
858 280 953 324 iam
977 280 1026 325 in
1051 281 1254 326 editione
1278 280 1382 339 ipsa
1405 281 1625 338 indicaui,
1656 297 1780 326 nunc

95 345 182 390 hos
214 345 351 402 addo,
382 346 431 390 in
464 346 633 402 quibus
663 345 1048 403 interpolationes
1072 348 1430 404 deprehendisse
1456 346 1572 392 mihi
1594 348 1779 393 uideorz

209 412 245 468 1,
262 417 318 457 32
344 428 388 469 p.
409 417 480 468 96,
506 417 562 456 23
586 406 615 468 ἢ
642 409 815 457 κύκλου
840 411 1122 470 περιφέρεια
1147 413 1366 469 delenda;
1390 428 1498 458 nam
1524 414 1581 458 de
1606 414 1778 460 circulo

96 479 215 524 baec
253 479 515 537 propositio
554 479 647 522 iam
686 479 745 523 ab
776 478 970 524 Euclide
1011 480 1329 524 demonstrata
1360 483 1454 536 est,
1487 481 1535 525 et
1567 481 1606 524 si
1636 480 1777 538 Apol-

88 545 244 590 lonius
276 560 381 591 eum
413 559 599 602 quoque
631 546 860 602 respicere
884 545 1125 602 uoluisset,
1157 563 1201 604 p.
1228 552 1298 604 94,
1324 551 1377 591 21
1405 547 1599 591 dixisset
1622 547 1779 593 κώνου

89 616 234 669 τομῆς
270 608 300 668 ἢ
339 609 550 657 κύκλου
590 614 988 669 περιφερείας,
1029 613 1148 657 sicut
1182 613 1295 658 fecit
1326 614 1383 670 ΙΙ,
1419 620 1458 671 7,
1491 619 1561 671 28,
1594 619 1665 671 29,
1698 619 1777 671 303

88 678 168 735 111,
203 683 242 735 1,
274 685 315 735 2,
348 684 388 735 3,
423 683 493 735 16,
529 684 596 735 17,
631 684 703 735 37,
735 683 811 734 54,
844 679 924 736 IV,
960 685 997 736 1,
1024 685 1065 736 9,
1090 684 1161 735 24,
1194 684 1265 735 25,
1298 684 1369 737 35,
1401 686 1472 736 36,
1507 685 1577 737 37,
1610 686 1680 737 38,
1706 686 1777 736 39,

94 749 173 801 403
214 760 322 790 nam
361 746 483 790 inter
523 745 629 790 coni
669 747 896 790 sectiones
938 746 1254 801 circulumque
1294 760 1478 804 semper
1517 746 1780 804 distinguit,

90 813 145 857 ut
185 812 327 856 etiam
359 826 414 856 ex
444 813 488 869 Ι,
520 817 695 857 49-50
726 812 1037 870 intellegitur,
1078 812 1160 857 ubi
1190 813 1240 857 in
1270 813 1446 870 protasi
1477 813 1630 858 κώνου
1663 811 1781 871 τομή

90 878 237 923 habet
283 879 332 923 et
378 877 545 923 deinde
591 878 640 923 in
687 878 1081 924 demonstratione
1120 879 1415 937 parabolam,
1460 880 1780 937 hyperbolam,

93 944 298 1002 ellipsim
331 947 591 1003 enumerat,
626 945 786 991 circuli
817 945 1102 990 mentionem
1133 960 1228 991 non
1258 946 1393 1000 facit3
1427 946 1506 992 cfr.
1539 947 1574 1003 Ι,
1607 950 1660 990 51
1693 946 1782 991 κώ-

91 1028 179 1057 νου
218 1009 336 1070 τομή
376 1012 432 1057 de
470 1012 695 1069 parabola
733 1012 1106 1070 hyperbolaque,
1147 1014 1248 1057 tum
1286 1013 1335 1057 in
1374 1013 1408 1069 Ι,
1442 1018 1497 1058 53
1535 1015 1644 1070 post
1676 1026 1781 1070 pro-

90 1078 372 1137 positionem
411 1079 703 1123 auxiliariam
741 1079 775 1136 I,
809 1084 863 1124 52
905 1079 961 1124 de
1001 1079 1178 1136 ellipsi‚
1218 1079 1287 1124 ita
1326 1081 1378 1124 ut
1415 1080 1616 1137 protasis
1655 1079 1689 1137 Ι,
1725 1085 1779 1124 51

93 1146 296 1202 quodam
326 1146 464 1190 modo
496 1145 867 1203 propositionum
900 1150 954 1191 51
988 1148 1035 1191 et
1067 1151 1121 1191 53
1155 1146 1412 1191 eommunis
1444 1147 1519 1192 sit.

211 1210 277 1268 II,
311 1217 367 1256 38
407 1212 744 1257 demonstratio
783 1211 1012 1258 indirecta
1050 1212 1189 1257 nimis
1227 1214 1530 1270 neglegenter
1569 1213 1783 1270 exposita

94 1280 186 1335 est3
228 1278 360 1323 deest
398 1280 654 1324 conclusio:
696 1280 744 1323 et
773 1278 899 1324 idem
938 1280 995 1323 de
1028 1279 1154 1323 omni
1188 1280 1280 1324 alia
1311 1281 1440 1324 recta
1472 1280 1781 1323 demonstrari

93 1346 250 1401 potest
278 1347 464 1402 praeter
495 1348 593 1389 EX
597 1365 607 1400 ;
643 1358 753 1402 ergo
787 1348 884 1389 EX
910 1346 1163 1390 diametrus
1196 1346 1280 1390 est.

211 1411 297 1467 ΠΙ,
350 1415 402 1456 18
434 1427 478 1468 p.
513 1415 619 1468 354,
662 1415 717 1456 19
759 1409 949 1456 ἐπεί-
982 1416 1037 1455 21
1078 1407 1107 1468 ἡ
1150 1416 1235 1455 ΔΖ
1275 1411 1514 1478 reguruiitiua
1552 1411 1780 1460 existimo,

95 1478 208 1535 quia
237 1477 318 1523 lin.
354 1482 407 1522 19
433 1477 603 1522 dicitur
627 1476 875 1537 υπερβολή,
907 1492 1011 1522 cum
1033 1480 1191 1523 tamen
1216 1477 1510 1536 apertissime
1535 1480 1784 1536 usurpetur

92 1544 128 1603 Ι,
160 1549 217 1589 48
250 1544 307 1588 de
341 1545 582 1601 oppositis

214 1611 293 1667 IV,
327 1617 380 1655 52
424 1626 517 1656 non
546 1610 788 1668 intellego,
821 1624 902 1655 cur
933 1611 991 1656 de
1023 1615 1058 1654 A
1069 1615 1111 1654 Δ
1141 1611 1190 1655 in
1221 1615 1267 1655 K
1294 1611 1343 1655 in
1376 1612 1488 1656 duas
1519 1612 1674 1668 partes
1706 1624 1781 1655 ae-

99 1678 261 1733 quales
301 1677 454 1722 diuisa
490 1679 666 1722 mentio
704 1678 790 1721 fiat
827 1694 869 1735 p.
904 1681 974 1734 84,
1009 1683 1056 1733 33
1103 1692 1212 1722 nam
1251 1678 1373 1734 quod
1414 1677 1644 1735 sequitur,
1691 1692 1784 1723 non

94 1737 221 1789 iside*
252 1744 564 1802 concluditur,
613 1745 693 1789 sed
741 1757 797 1788 ex
842 1746 1010 1788 natura
1054 1744 1274 1789 diametri
1311 1746 1554 1790 secundae.
1622 1746 1784 1800 itaque

97 1811 229 1856 deleo
260 1826 304 1868 p.
331 1815 401 1868 84,
427 1816 453 1855 3
485 1817 620 1869 τεμεῖ
641 1837 693 1843 —
721 1816 749 1855 4
773 1813 867 1855 καί.

212 1877 415 1922 difficilis
433 1880 503 1922 est
520 1877 734 1934 quaestio
760 1877 817 1922 de
835 1877 994 1934 figuris
1013 1877 1221 1922 diuersis.
1253 1877 1523 1935 saepissime
1541 1878 1665 1922 enim
1725 1889 1932 1931 figurarum

102 1944 293 2001 adoidit,
310 1947 362 1988 ut
379 1944 745 1989 constructiones
764 1943 1035 1989 auxiliariae
1053 1945 1112 1988 ab
1129 1943 1377 2001 Apollonio
1396 1946 1662 2001 propositae
1707 1934 1963 1975 discrepantia

30 2027 34 2043 τ
100 2009 458 2067 litterarumque
498 2011 611 2055 ordo
655 2012 713 2055 ab
754 2024 808 2055 eo
847 2009 1079 2055 indicatus
1119 2025 1223 2055 cum
1262 2024 1356 2054 una
1395 2012 1494 2056 sola
1532 2012 1785 2068 figurarum

98 2077 387 2144 conseptiat,
427 2077 485 2120 ad
519 2079 696 2120 ceteras
727 2090 839 2121 uero
872 2076 1218 2120 adcommodati
1248 2091 1341 2121 non
1371 2076 1523 2134 possit
1553 2078 1642 2122 nisi
1672 2093 1785 2123 non-

99 2142 242 2187 nullis
266 2143 342 2186 uel
367 2142 520 2186 uerbis
545 2144 621 2187 uel
644 2143 815 2187 litteris
840 2143 1014 2199 figurae
1038 2143 1242 2199 mutatis,
1267 2143 1398 2186 uelut
1415 2143 1464 2186 in
1481 2145 1514 2198 Ι,
1533 2148 1558 2185 2
1575 2160 1619 2200 p.
1640 2149 1709 2202 10,
1729 2151 1785 2190 28

100 2209 182 2254 καὶ
214 2205 619 2268 ἐκβεβλήσθωσαν,
651 2224 697 2265 p.
725 2213 792 2264 12,
818 2213 845 2252 4
879 2205 1195 2267 ἐκβεβλήσθω,
1226 2223 1270 2264 p.
1299 2213 1368 2263 12,
1397 2212 1449 2252 15
1485 2205 1785 2269 ἐκβεβλήσθω

24 2280 33 2319 3
101 2290 208 2320 cum
246 2276 396 2332 figura
433 2275 592 2331 tertia,
631 2275 680 2318 in
711 2275 744 2331 I,
776 2278 805 2318 4
835 2291 878 2332 p.
917 2280 984 2330 16,
1018 2279 1044 2318 3
1086 2271 1386 2334 ἐκβεβλήσθω
1428 2289 1532 2318 cum
1571 2277 1786 2331 secunda,

16 2384 19 2385 ε
104 2343 154 2386 in
191 2341 226 2398 Ι,
251 2347 276 2386 6
308 2356 354 2398 p.
381 2346 460 2397 22,
496 2346 518 2384 1
562 2338 862 2400 ἐκβεβλήσθω
912 2354 1016 2384 cum
1053 2341 1193 2384 tertia
1230 2355 1324 2385 non
1364 2341 1614 2395 consentit3
1661 2342 1696 2397 Ι,
1730 2347 1788 2386 34

8 2454 35 2486 'ff

7 2394 42 2458 ξ
103 2422 150 2465 p.
179 2413 276 2463 102,
306 2410 358 2450 15
388 2410 521 2450 ΕΓΖ
552 2407 602 2450 in
633 2408 805 2452 circulo
831 2409 972 2450 ΕΖΓ
1000 2420 1099 2451 esse
1132 2406 1358 2463 debuiffl,
1392 2403 1786 2466 ἐκβεβλήσθωσαν

227 2583 269 2639 *)
304 2583 499 2627 Omnino
525 2582 626 2626 ueri
650 2581 799 2627 simile
826 2583 908 2636 est,
935 2581 1140 2626 ordinem
1165 2583 1331 2626 mirum
1348 2583 1626 2637 litterarum,
1650 2596 1785 2638 quem

27 2691 33 2695 ,
110 2655 247 2699 saepe
280 2641 602 2698 corrigendum
626 2642 803 2698 putaui,
837 2641 946 2697 quia
972 2655 1075 2685 cum
1099 2642 1248 2697 figura
1279 2641 1451 2686 codicis
1482 2655 1575 2685 non
1600 2655 1786 2685 consen-

108 2701 232 2757 tiret,
266 2714 320 2744 eo
349 2700 572 2757 explicari
594 2713 746 2756 posse,
779 2701 904 2755 quod
927 2699 1201 2756 Apollonius
1234 2700 1374 2743 aliam
1402 2700 1604 2743 dederat.
1654 2698 1786 2742 dubi-

110 2759 203 2802 tari
249 2760 389 2804 etiam
434 2759 614 2815 potest,
662 2772 720 2802 an
759 2758 1035 2815 Apollonius
1082 2758 1180 2814 ipse
1221 2772 1312 2802 non
1359 2771 1540 2814 semper
1580 2756 1787 2799 ordinem

110 2819 371 2862 naturalem
405 2818 746 2871 obseruauerit3
777 2832 883 2861 nam
909 2817 1122 2874 plurimis
1146 2818 1276 2873 locis,
1307 2817 1387 2860 ubi
1411 2818 1539 2859 recta
1563 2828 1590 2857 a
1613 2817 1786 2871 puncto

114 2876 271 2933 aliquo
313 2877 389 2920 uel
426 2891 510 2933 per
540 2878 764 2932 punctum
805 2877 944 2920 ducta
983 2890 1081 2920 esse
1121 2876 1307 2931 dicitur,
1354 2875 1401 2917 in
1444 2873 1788 2917 denominanda

115 2937 244 2980 recta
274 2934 434 2980 littera
464 2935 567 2990 illa,
599 2949 716 2991 quae
748 2936 971 2992 punctum
1003 2933 1252 2991 signifieat,
1284 2932 1432 2988 primo
1465 2933 1567 2976 loco
1599 2932 1788 2989 ponitur
