2046 3256
223 148 329 201 132
881 151 1263 195 FRAGMENTA.

221 271 416 339 δηλον,
457 272 572 333 πῶς
613 272 762 324 ἔστιν
795 267 896 325 τὸν
931 269 1177 325 δοθέντα
1209 273 1399 341 στίχον
1431 269 1917 324 πολλαπλασιάσαι

219 358 310 412 καὶ
351 360 528 412 εἰπεῖν
568 355 668 412 τὸν
711 356 1020 428 γενόμενον
1051 356 1301 431 ἀριθμὸν
1341 359 1400 412 ἐκ
1430 365 1533 413 τοῦ
1562 356 1663 413 τὸν
1694 361 1918 429 πρῶτον

218 448 334 502 τῶν
374 443 657 518 ἀριθμῶν,
700 441 766 500 ὃν
807 451 1001 517 εἴληφε
1039 444 1101 502 τὸ
1143 449 1366 518 πρῶτον
1406 450 1519 502 τῶν
1558 445 1916 518 γραμμάτων,

222 535 309 590 ε’πὶ
341 533 440 590 τὸν
474 534 741 606 δεύτερον
774 531 1044 606 ἀριθμόν,
1082 531 1150 590 ὃν
1185 542 1379 607 εἴληφε
1409 533 1472 591 τὸ
1508 534 1773 605 δεύτερον
1803 539 1919 592 τῶν

163 635 190 674 5
223 623 583 696 γραμμάτων,
623 628 1189 696 πολυπλασιασθῆναι
1227 624 1320 680 καὶ
1358 622 1459 680 τὸν
1489 623 1799 695 γενόμενον
1832 625 1919 681 ἐπὶ

220 711 323 768 τὸν
362 716 554 783 τρίτον
593 711 862 785 ἀριθμόν,
904 710 972 768 ὃν
1006 719 1198 784 εἴληφε
1230 713 1291 768 τὸ
1324 717 1514 784 τρίτον
1545 713 1788 784 γράμμα,
1826 714 1920 769 καὶ

219 798 358 857 κατὰ
390 800 453 857 τὸ
488 802 614 873 ἑξῆς
645 807 1012 874 περαίνεσθαι
1045 804 1202 875 μέχρι
1235 805 1335 858 τοῦ
1369 800 1788 868 διεξοδεύεσθαι
1819 803 1919 859 τὸν

222 894 439 962 στίχον,
496 889 571 957 ὡς
618 889 771 946 εἶπεν
813 888 1184 956 Ἀπολλώνιος
1233 892 1292 946 ἐν
1341 891 1551 964 ἀρχῇ.1)
1634 889 1773 947 κατὰ
1819 889 1919 947 τὸν

222 982 414 1049 στίχον
455 977 651 1044 οὕτως·

137 1079 192 1118 10
332 1064 649 1140 Ἀρτέμιδος
695 1073 871 1123 κλεῖτε
915 1068 1118 1141 κράτος
1157 1070 1351 1140 ἔξοχον
1393 1069 1554 1124 ἐννέα
1593 1071 1792 1141 κοῦραι

222 1153 307 1228 (τὸ
349 1155 411 1211 δὲ
449 1162 628 1212 κλεῖτε
669 1157 844 1229 φησὶν
885 1155 1011 1213 ἀντὶ
1050 1161 1151 1213 τοῦ
1190 1157 1590 1231 ὑπομνήσατε).

332 1307 421 1361 50.
468 1307 686 1377 Pappus
725 1307 795 1378 II,
841 1310 906 1362 18
947 1327 998 1377 p.
1030 1310 1118 1378 20,
1155 1309 1223 1361 10
1243 1328 1344 1379 sq.:

328 1406 460 1463 Ἐὰν
500 1408 610 1480 ἄρα
650 1408 784 1476 τοὺς
824 1410 957 1465 δέκα
1001 1408 1282 1483 ἀριθμοὺς
1331 1413 1691 1478 [centenarios
1730 1429 1918 1464 uersus

220 1499 391 1566 illius]
421 1498 874 1570 διπλασιάσωμεν
899 1499 991 1554 καὶ
1008 1498 1138 1565 τοὺς
1160 1500 1497 1571 γενομένους
1519 1503 1554 1555 κ
1576 1501 1919 1570 προσθῶμεν

134 1598 190 1638 15
222 1597 339 1652 τοῖς
378 1587 692 1659 εἰρημένοις
730 1585 917 1653 ἁπλῶς
956 1587 1223 1660 ἀριθμοῖς
1255 1589 1691 1662 ἑπτακαίδεκα,2)
1732 1588 1798 1643 τὰ
1832 1609 1918 1658 γε-

221 1674 434 1746 νόμενα
491 1674 635 1747 ὁμοῦ
691 1665 756 1743 ἷξ
806 1677 1000 1748 ἕξομεν
1055 1685 1169 1733 τῶν
1224 1674 1318 1732 ὑπ’
1371 1676 1548 1733 αὐτοῦ
1597 1676 1916 1748 λεγομένων

221 1762 533 1834 ἀναλόγων.
613 1760 719 1819 κᾶν
766 1776 884 1830 τοῖς
930 1765 1031 1837 μὲν
1081 1767 1214 1822 δέκα
1252 1764 1520 1837 ἀριθμοῖς
1557 1763 1919 1837 ὑποτάξωμεν

222 1855 561 1925 ἰσαρίθμους
612 1854 743 1908 δέκα
781 1853 918 1909 κατὰ
960 1853 1116 1922 τάξιν
1158 1854 1550 1926 ἑκατοντάδος,
1605 1866 1723 1919 τοῖς
1769 1853 1831 1910 δὲ
1870 1843 1921 1922 ἷξ

223 1941 427 2012 ὁμοίως
464 1939 829 2014 ὑποτάξωμεν
871 1942 1109 2008 δεκάδας
1142 1933 1207 2014 ξ,
1248 1942 1498 2015 φανερὸν
1539 1945 1597 1999 ἐκ
1635 1946 1736 1999 τοῦ
1772 1940 1919 1999 ἀνώ-

132 2044 192 2083 20
223 2052 386 2102 τερον
433 2034 754 2101 λογιστικοῦ
805 2031 1168 2104 θεωρήματος
1216 2032 1314 2104 ιβ’,
1379 2031 1466 2089 ὅτι
1515 2034 1647 2088 δέκα
1696 2033 1916 2088 ἑκατον-

221 2116 385 2183 τάδες
416 2116 551 2190 μετὰ
581 2123 695 2175 τῶν
722 2108 771 2187 a}
802 2120 1055 2176 δεκάδων
1087 2125 1314 2177 ποιοῦσι
1339 2120 1615 2195 μυριάδας
1644 2123 1917 2186 ένναπλᾶς

224 2207 370 2262 δέκα.
1112 2209 1114 2211 ’

345 2430 387 2484 1)
426 2429 515 2472 Hic
553 2428 759 2485 incipere
800 2430 988 2475 uidetur
1027 2431 1255 2489 expositio
1304 2432 1505 2487 amplior
1543 2432 1693 2489 Pappi
1740 2445 1915 2488 eorum,

223 2500 343 2543 quae
374 2487 654 2544 Apollonius
685 2489 822 2533 initio
856 2490 1010 2548 operis
1042 2492 1247 2536 breuiter
1277 2490 1638 2548 signifioauerat.

342 2563 387 2618 2)
420 2559 491 2605 Sc.
525 2561 726 2606 denariis
758 2577 932 2608 uersus.

344 2773 383 2812 3.
409 2769 502 2812 τῶν
523 2763 771 2826 ἀριθμῶν]
795 2764 1006 2826 ἀριθμόν
1032 2770 1247 2815 Hultsch.
1345 2777 1385 2817 5.
1411 2772 1915 2828 πολλαπλασιασθῆναι

225 2825 424 2871 Hultsoh
451 2841 556 2871 oum
579 2826 813 2871 Wallisio.
907 2833 947 2873 8.
982 2826 1062 2887 ὡς]
1097 2827 1152 2875 ὅν
1179 2830 1387 2875 ΗυΙίῡεοὴ.
1480 2828 1602 2875 κατὰ
1628 2828 1711 2876 τὸν
1736 2831 1913 2890 στίχον]

226 2885 315 2930 del.
349 2885 561 2930 Hultsch.
689 2892 754 2931 13.
788 2886 897 2937 τούς
929 2914 984 2921 -
1021 2893 1088 2932 17.
1122 2886 1235 2948 κᾶν]
1275 2889 1364 2935 del.
1397 2891 1608 2935 Hultsch.
1738 2894 1808 2935 16.
1841 2893 1915 2935 λε·-

224 2943 455 3004 γομένων]
489 2944 746 3001 Eberhard,
779 2946 1046 3003 γενομένων
1081 2948 1213 2993 codd.
