2046 3256
0 0 27 102 1

415 172 665 214 3310311
695 173 1132 215 COMMENTARIA
1163 174 1228 216 IN
1260 174 1495 218 coch.
1682 172 1791 225 203

109 292 294 361 quales
332 294 479 343 secat
519 294 571 343 et
605 291 671 344 ad
705 292 931 360 angulos
965 295 1154 357 rectOS,
1195 294 1309 345 axis
1343 296 1520 345 rectus
1554 296 1793 356 uocatur,

106 383 161 432 et
199 379 246 432 si
285 383 406 448 AB,
437 383 552 431 ΠΡ
592 380 765 432 altera
805 379 965 432 alteri
1002 381 1289 448 parallelas
1327 388 1501 434 rectas
1542 381 1598 432 in
1637 381 1791 433 binas

107 471 288 538 partes
323 469 571 536 aequales
613 472 817 535 secant,
858 469 1176 538 coniugatae
1216 469 1479 536 diametri,
1520 469 1605 521 sin
1645 474 1699 522 et
1735 470 1792 522 in

104 556 260 608 binas
292 559 473 624 partes
499 558 747 625 aequales
774 561 827 608 et
859 556 925 609 ad
958 558 1185 626 angulos
1217 561 1391 610 rectos
1427 562 1623 626 secant,
1664 575 1790 610 axes

105 645 380 714 coniugati
418 646 779 698 nominantur.

774 777 845 830 In
885 797 1058 847 prop.
1090 778 1130 830 Ι.

215 881 296 933 De
341 881 531 951 figuris
581 881 694 934 siue
745 882 956 934 casibus
1005 883 1170 934 uariis
1210 882 1648 951 propositionum
1688 881 1790 933 hoc

106 969 380 1022 sciendum
413 973 511 1039 est,
544 987 728 1022 casum
764 988 896 1039 3333,
928 971 1023 1023 ubi
1055 989 1133 1040 33,
1166 989 1300 1039 quae
1333 972 1389 1022 in
1423 969 1789 1038 propositione

104 1057 230 1110 data
270 1057 393 1126 sint,
434 1058 703 1126 positione
745 1058 856 1110 sint
895 1058 1043 1128 data3
1082 1077 1207 1111 nam
1247 1058 1400 1111 uaria
1439 1076 1622 1110 eorum
1665 1075 1789 1109 con-

103 1145 308 1198 iunctio
353 1146 537 1199 eadem
578 1146 921 1199 conclusione
963 1166 1146 1199 casum
1187 1146 1368 1200 efficit.
1448 1150 1500 1198 et
1540 1146 1790 1198 similiter

103 1235 266 1286 etiam
300 1235 509 1287 uariata
541 1235 938 1287 constructione
972 1254 1126 1287 casus
1161 1235 1406 1287 efficitur.
1463 1252 1788 1303 quamquam

103 1325 287 1374 autem
332 1323 532 1375 multos
580 1324 784 1375 habent
830 1324 1250 1391 propositioneS,
1303 1323 1552 1375 omnibus
1604 1322 1789 1374 eadem

103 1410 494 1463 demonstratio
521 1411 816 1480 iisdemque
840 1410 1041 1463 litteris
1068 1412 1317 1480 congruit
1340 1413 1552 1479 praeter
1577 1410 1790 1462 minora

105 1498 388 1568 quaedam,
436 1502 496 1551 ut
542 1517 667 1551 mox
708 1499 1009 1567 adparebit3
1055 1517 1182 1550 nam
1224 1499 1407 1550 statim
1449 1498 1625 1565 prima
1663 1515 1788 1565 pro-

101 1587 302 1654 positio
350 1591 460 1639 tres
509 1605 662 1638 casus
710 1586 898 1654 habet,
947 1587 1070 1656 quia
1108 1589 1366 1654 punctum
1407 1586 1464 1637 in
1506 1585 1787 1654 superficie

103 1678 400 1744 sumptum,
445 1675 547 1727 hoc
588 1677 670 1727 est
709 1677 778 1744 B,
824 1677 940 1726 tum
978 1675 1036 1726 in
1077 1674 1356 1742 superficie
1396 1672 1650 1725 inferiore
1691 1675 1787 1741 est,

105 1765 159 1814 et
204 1762 307 1815 hoc
353 1763 530 1831 ipsum
579 1763 786 1815 duobus
835 1763 1006 1815 modis
1056 1766 1150 1815 aut
1197 1781 1359 1831 supra
1398 1762 1650 1814 circulum
1695 1764 1788 1813 aut

101 1849 266 1919 infra,
311 1853 428 1903 tum
476 1851 530 1902 in
571 1850 850 1919 superficie
891 1851 939 1902 ei
980 1851 1046 1902 ad
1088 1849 1342 1902 uerticem
1382 1849 1576 1917 posita.
1653 1849 1786 1901 haec

103 1955 231 1990 uero
278 1940 577 2006 propositio
619 1938 978 2007 quaerendum
1019 1938 1324 2006 proposuit,
1371 1955 1480 1989 non
1522 1937 1587 1989 ad
1627 1955 1784 2005 quae-

102 2026 235 2077 libet
280 2026 382 2078 duo
429 2029 628 2094 puncta
674 2027 727 2077 in
778 2026 1058 2093 superficie
1104 2026 1283 2094 posita
1326 2025 1543 2079 ductam
1581 2029 1784 2077 rectam

101 2114 158 2164 in
200 2114 479 2181 superficie
517 2132 647 2183 esse,
688 2114 779 2166 sed
814 2131 931 2166 eam
963 2116 1191 2182 tantum,
1231 2131 1366 2181 quae
1399 2131 1494 2182 per
1524 2113 1783 2164 uerticem

102 2201 280 2270 cadat,
334 2203 456 2264 quia
501 2202 816 2270 ‘superficies
871 2201 1056 2254 conica
1104 2218 1198 2268 per
1244 2203 1447 2253 rectam
1493 2199 1784 2252 terminum

100 2278 390 2341 habentem
430 2293 740 2341 manentem
781 2291 898 2341 orta
938 2292 1034 2341 est.
1087 2289 1191 2341 hoc
1223 2292 1401 2341 autem
1433 2307 1620 2340 uerum
1653 2307 1784 2358 esse,

101 2376 400 2446 propositio
443 2378 673 2430 secunda
713 2377 965 2430 ostendit.

736 2510 829 2561 Ad
868 2527 1039 2578 prop.
1071 2509 1139 2561 II.

215 2610 521 2680 Propositio
570 2612 802 2664 secunda
841 2614 950 2663 tres
991 2612 1156 2664 habet
1195 2630 1371 2681 33333,
1419 2613 1544 2680 quia
1582 2614 1782 2679 puncta

103 2701 319 2766 sumpta
352 2703 420 2765 A,
460 2702 512 2750 Ε
546 2703 638 2750 aut
675 2699 730 2750 in
772 2699 1050 2766 superficie
1091 2699 1155 2751 ad
1190 2700 1442 2751 uerticem
1476 2699 1655 2767 posita
1689 2702 1783 2750 aut

164 2832 231 2872 18.
266 2824 407 2884 αὐτῇ]
440 2827 622 2883 scripsi,
663 2824 807 2883 αὐτῆς
839 2827 951 2883 Wp.
1075 2833 1144 2873 21.
1177 2825 1205 2883 ἡ
1238 2827 1468 2884 νεύουσα]
1503 2827 1688 2883 scripsi,
1721 2844 1779 2882 ην

106 2887 319 2930 ευθυσαν
359 2886 440 2939 W,
485 2884 540 2929 ἓν
580 2883 752 2930 εὐθεῖα
792 2902 835 2942 p.
987 2891 1060 2930 23.
1107 2887 1270 2943 μένον]
1323 2885 1463 2943 μέσον
1495 2885 1618 2942 Wp,
1664 2899 1778 2930 corr.

104 2943 277 2988 Comm.
400 2948 469 2989 27.
502 2941 583 2988 -τά
614 2962 690 2988 κο-
724 2946 773 2988 111
803 2958 893 2988 ras.
925 2959 983 2989 m.
1021 2950 1043 2988 1
1077 2945 1150 2989 W.
