2046 3256
238 633 263 673 5

210 1080 264 1119 10

208 1524 260 1564 15

204 2499 261 2539 ‘25

296 141 408 196 254
778 142 1218 186 COMMENTARIA
1247 142 1531 195 ANTIQUA.

299 264 360 318 αἱ
395 260 744 332 παράλληλοι
780 261 1030 333 ἐσωτέρω
1070 263 1374 316 πεσοῦνται
1415 262 1527 316 τῶν
1560 264 1738 316 ΑΓΘ.
1813 260 2001 334 ἑτέρας

299 351 361 407 δὲ
400 351 563 407 πέντε
604 347 802 416 οὕτως’
849 351 948 406 ἐὰν
987 353 1050 406 τὸ
1090 355 1146 404 Δ
1186 351 1429 421 ἐξωτέρω
1470 355 1666 422 ληφθῇ
1704 351 1807 405 τοῦ
1845 353 1916 419 Γ,
1963 346 1998 420 ἡ

296 439 398 512 μὲν
445 445 554 495 ΔΖ
601 438 958 511 παράλληλος
1006 438 1272 510 δηλονότι
1320 438 1566 509 ἐξωτέρω
1612 447 1858 494 πεσεῖται
1902 439 2001 509 τῆς

298 534 421 600 ΘΓ,
462 526 496 601 ἡ
537 528 598 585 δὲ
639 533 755 583 ΔΕ
790 525 824 599 ἢ
865 529 1068 599 μεταξὺ
1108 531 1222 584 τῶν
1255 535 1325 598 Α,
1365 533 1412 582 Β
1451 523 1484 598 ἢ
1526 527 1614 583 ἐπὶ
1652 529 1714 582 τὸ
1746 532 1793 582 Β
1833 522 1868 598 ἢ
1908 547 1999 598 με·

295 616 430 685 ταξὺ
476 620 590 674 τῶν
638 623 711 688 Β,
752 623 799 672 Θ
846 613 880 689 ἢ
928 617 1017 673 ἐπὶ
1062 615 1124 673 τὸ
1170 621 1217 671 Θ
1263 612 1297 687 ἢ
1347 616 1591 688 ἐξωτέρω
1637 618 1740 672 τοῦ
1783 620 1850 670 Θ·
1896 618 2000 671 τοῦ

294 705 402 778 γὰρ
443 713 496 761 A
536 706 781 779 ἐξωτέρω
821 716 1013 762 πεσεῖν
1054 703 1235 777 αὐτὴν
1273 703 1580 775 ἀδύνατον,
1621 702 1810 775 ἐπειδὴ
1848 706 1911 760 τὸ
1942 710 2000 759 Δ

296 796 538 866 ἐξωτέρω
596 795 711 852 ἐστὶ
765 798 867 851 τοῦ
916 799 969 850 Γ
1016 795 1108 850 καὶ
1157 795 1421 865 δηλονότι
1476 793 1568 849 καὶ
1615 790 1650 864 ἡ
1699 790 1768 848 δι’
1821 790 1998 850 αὐτοῦ

292 885 646 957 παράλληλος
700 882 943 956 ἀγομένη
1000 886 1066 957 τῇ
1113 887 1235 939 ΑΓ.
1323 883 1420 939 ἐὰν
1473 881 1534 938 δὲ
1578 881 1642 938 τὸ
1692 889 1748 938 Δ
1795 882 1883 938 ἐπὶ
1929 880 1997 938 τὰ

296 977 452 1047 ἕτερα
492 975 629 1047 μέρη
672 976 865 1046 ληφθῇ
906 975 1002 1044 τῆς
1039 981 1228 1045 τομῆς,
1268 968 1302 1044 ἢ
1345 971 1657 1044 ἀμφότεραι
1697 974 1760 1027 αἱ
1792 970 1999 1045 παράλ-

297 1070 458 1135 ληλοι
491 1061 695 1135 μεταξὺ
725 1066 838 1118 τῶν
872 1068 936 1132 Θ,
970 1068 1016 1118 Β
1056 1060 1570 1134 περατωθήσονται,
1612 1060 1647 1132 ἢ
1681 1057 1715 1132 ἡ
1749 1059 1854 1132 μὲν
1885 1065 1997 1115 ΔΖ

294 1152 543 1223 ἐσωτέρω
583 1155 684 1208 τοῦ
725 1158 787 1223 Θ,
826 1149 889 1207 τὸ
931 1150 993 1206 δὲ
1035 1157 1086 1205 Ε
1122 1151 1211 1207 ἐπὶ
1248 1149 1311 1206 τὸ
1351 1156 1416 1221 Θ,
1456 1147 1491 1222 ἢ
1529 1152 1626 1221 τῆς
1664 1155 1776 1204 ΔΖ
1817 1146 1995 1204 ὡσαύ-

293 1264 398 1307 τως
437 1240 720 1313 μενούσης
757 1241 821 1297 τὸ
856 1246 909 1295 Ε
945 1241 1188 1312 ἐξωτέρω
1228 1242 1330 1296 τοῦ
1363 1245 1411 1294 Θ
1449 1237 1755 1295 ἐλεύσεται·
1793 1241 1895 1294 τοῦ
1935 1236 1996 1293 δὲ

296 1337 348 1386 Ε
382 1330 552 1386 πάλιν
584 1331 827 1403 ἐξωτέρω
860 1334 1161 1395 πίπτοντος
1190 1327 1252 1385 τὸ
1290 1334 1335 1383 Ζ
1369 1325 1402 1400 ἢ
1436 1327 1524 1384 ἐπὶ
1555 1326 1618 1384 τὸ
1655 1332 1703 1382 Θ
1733 1338 1996 1397 πεσεῖται,

296 1421 370 1486 ὡς
409 1417 557 1475 εἶναι
595 1418 700 1491 τὴν
741 1423 909 1474 ΓΘΔ
948 1423 1082 1490 μίαν
1123 1415 1384 1488 εὐθεῖαν,
1432 1420 1484 1472 εἰ
1520 1417 1612 1472 καὶ
1652 1416 1726 1488 μὴ
1768 1415 1996 1483 σώζεται

293 1513 499 1579 κυρίως
546 1508 668 1564 τότε
713 1506 776 1563 τὸ
827 1509 924 1578 τῆς
969 1505 1334 1579 παραλλήλου
1382 1509 1612 1577 ἰδίωμα,
1667 1501 1702 1577 ἢ
1750 1505 1995 1577 ἐξωτέρω

292 1606 393 1653 τοῦ
442 1604 502 1653 Θ.
588 1601 677 1653 δεῖ
730 1596 792 1652 δὲ
844 1596 932 1651 ἐπὶ
978 1598 1076 1666 τῆς
1122 1593 1456 1662 ἀποδείξεως
1501 1604 1614 1650 τῶν
1661 1596 1996 1650 τελευταίων

291 1687 453 1742 πέντε
491 1686 756 1742 πτώσεων
795 1683 901 1756 τὴν
937 1690 991 1738 A
1003 1690 1047 1738 Z
1087 1683 1377 1755 ἐκβάλλειν
1417 1683 1520 1747 ἕως
1557 1690 1656 1753 τῆς
1692 1683 1865 1754 τομῆς
1900 1683 1994 1738 καὶ

290 1779 386 1847 τῆς
433 1780 551 1830 ΗΓ
597 1773 957 1848 παραλλήλου
1003 1772 1095 1828 καὶ
1144 1770 1320 1837 οὕτως
1365 1779 1656 1827 ποιεῖσθαι
1699 1769 1804 1842 τὴν
1855 1768 1994 1827 ἀπό·

293 1866 480 1931 ὃειξιν.

406 1951 653 2009 δυνατὸν
702 1951 764 2006 δὲ
809 1950 902 2005 καὶ
945 1948 1122 2020 ἄλλην
1162 1953 1297 2020 μίαν
1336 1946 1703 2021 καταγραφὴν
1743 1949 1991 2004 ἐπινοεῖν
2031 1980 2039 1991 =

293 2044 351 2099 ἐκ
389 2041 625 2112 τούτων,
667 2038 801 2096 ὅταν
843 2040 912 2111 δὴ
956 2038 1388 2110 λαμβανομένου
1429 2037 1621 2110 ἑτέρου
1661 2040 1894 2108 σημείου
1932 2038 1996 2092 αἰ

292 2134 346 2199 ἐξ
396 2128 571 2203 ἀρχῆς
618 2128 839 2186 εὐθεῖαι
886 2132 1087 2183 ποιῶσι
1132 2126 1197 2182 τὸ
1244 2125 1577 2199 λεγόμενον,
1633 2123 1773 2181 ἀλλὰ
1823 2128 1988 2182 τοῦτο

291 2220 560 2293 θεώρημα
601 2216 817 2291 μᾶλλόν
859 2219 1008 2273 ἐστιν
1049 2213 1082 2287 ἢ
1124 2226 1345 2281 πτῶσις.

954 2382 1071 2444 Εἰς
1110 2376 1180 2434 τὸ
1221 2376 1332 2450 μγ’.

394 2484 497 2540 Ἕν
535 2500 645 2538 τισι
685 2484 910 2555 φέρεται
944 2480 1224 2548 ἀπόδειξις
1258 2489 1358 2537 τοῦ
1391 2481 1754 2553 θεωρήματος
1783 2479 1989 2536 τούτου

290 2590 543 2644 τοιαυτη·

414 2771 450 2809 1.
484 2763 773 2867 afhaddidi,
807 2778 896 2808 om.
923 2764 1036 2820 Wp,
1138 2768 1178 2809 2.
1213 2756 1335 2807 οὕτω
1366 2776 1410 2818 p.
1505 2766 1546 2806 5.
1579 2760 1665 2832 τό]
1686 2761 1748 2818 τῷ
1775 2759 1850 2806 W.
1944 2766 1984 2805 7.

291 2821 335 2869 ἐ
317 2823 517 2897 ζωτέρω]
597 2824 735 2881 alley,
773 2820 980 2879 ἐσωτέρω
991 2779 1122 2879 Wp.
1218 2817 1341 2866 ἐστίν
1365 2821 1438 2866 W
1533 2825 1573 2865 8
1609 2806 1730 2878 ἐάν]
1749 2835 1795 2877 p,
1830 2816 1883 2864 ἐν
1907 2818 1981 2866 W.

353 2889 419 2928 10.
454 2881 505 2942 η’]
539 2897 628 2928 om.
647 2882 762 2940 Wp,
795 2895 910 2927 corr.
937 2881 1115 2927 Comm.
1209 2885 1278 2926 11.
1311 2880 1372 2940 Ε]
1406 2895 1494 2926 om.
1514 2880 1628 2950 Wp,
1662 2893 1778 2923 corr.
1805 2877 1982 2924 Comm.

349 2943 463 3001 AZ]
506 2948 547 2987 Δ
580 2957 604 2988 e
638 2956 753 2987 corr.
787 2941 860 2987 W.
1017 2944 1085 2986 18.
1127 2935 1249 2985 οὕτω
1282 2955 1325 2997 p.
1471 2935 1740 2996 ἀπόδειξιν]
1774 2950 1890 2984 corr.
1925 2951 1981 2982 ex
