2046 3224
634 146 990 189 CONIOORUM
1021 147 1201 188 LIBER
1230 147 1306 189 IV.
1776 145 1806 197 7

118 267 197 319 ita
242 268 303 319 ut
345 268 524 318 rectae
571 265 1049 334 correspondentes
1101 265 1167 318 ad
1205 265 1347 318 idem
1386 268 1643 334 punctum
1686 266 1812 335 sint,

119 357 264 408 recta
304 372 336 407 a
373 356 572 423 puncto
612 356 892 407 contactus
933 354 999 405 ad
1038 356 1299 422 punctum
1331 354 1614 407 diuisionis
1649 353 1810 407 ducta

118 461 241 496 cum
282 442 426 496 linea
465 445 768 512 concurret,
816 445 870 494 et
907 444 1055 495 recta
1097 461 1128 495 a
1165 445 1366 512 puncto
1408 460 1699 496 concursus
1742 443 1808 495 ad

118 533 379 601 punctum
426 531 755 584 extrinsecus
803 531 1042 600 positum
1087 529 1245 583 ducta
1282 531 1486 584 lineam
1526 531 1807 601 contingit.

232 620 303 673 sit
358 619 500 673 enim
547 621 719 671 ΑΒΓ
766 618 886 671 coni
942 619 1107 672 sectio
1154 619 1240 672 uel
1289 637 1443 673 arcus
1493 619 1701 689 circuli,
1757 622 1810 672 et

119 710 379 776 punctum
412 706 630 776 aliquod
663 710 718 759 A
750 707 1079 759 extrinsecus
1112 709 1369 776 sumatur,
1402 708 1469 759 ab
1503 725 1670 777 eoque
1697 711 1808 761 AB

1183 795 1469 865 contingat
1493 796 1548 848 in
1566 800 1627 865 Β,
1642 801 1697 848 Δ
1707 799 1816 850 ΕΓ

1183 885 1360 936 autem
1410 885 1702 937 sectionem
1750 885 1805 937 in

1181 976 1251 1042 E,
1300 974 1354 1025 Γ
1402 975 1565 1041 secet,
1628 976 1680 1024 et
1737 973 1808 1025 sit

1179 1063 1806 1113 FZ:ZE=FA:AE.

1292 1149 1425 1218 dioc,
1456 1152 1659 1202 rectam
1696 1168 1727 1201 a
1759 1153 1806 1202 Β

1182 1238 1249 1290 ad
1307 1241 1350 1288 Z
1413 1237 1628 1291 ductam
1686 1256 1806 1290 cum

1182 1326 1416 1379 sectione
1491 1343 1806 1379 concurrere

1179 1417 1232 1466 et
1277 1417 1480 1467 rectam
1528 1432 1559 1466 a
1604 1417 1805 1482 puncto

1179 1521 1468 1556 concursus
1501 1503 1648 1561 adA
1687 1503 1807 1556 duc-

1179 1594 1291 1643 tam
1341 1592 1632 1644 sectionem
1667 1597 1806 1644 'con-

1179 1680 1403 1749 tingere.

231 1767 509 1840 ducaturl)
551 1769 692 1821 enim
734 1789 764 1822 a
806 1773 859 1821 A
899 1769 1186 1822 sectionem
1229 1768 1545 1837 contingens
1580 1772 1711 1837 AA,
1751 1771 1806 1820 et

117 1857 279 1911 ducta
316 1861 427 1910 BA
465 1860 670 1910 rectam
703 1859 828 1926 ΕΓ,
878 1857 922 1910 si
960 1857 1081 1910 fieri
1120 1859 1320 1926 potest,
1363 1857 1419 1908 in
1458 1859 1502 1907 Z
1540 1874 1607 1908 ne
1647 1861 1805 1925 secet,

118 1945 211 1998 sed
258 1945 313 1998 in
359 1948 432 1998 H.
503 1945 755 2015 quoniam
803 1946 972 2016 igitur
1013 1949 1146 2014 ΒΔ,
1194 1949 1309 1997 ΛΑ
1356 1944 1703 2013 contingunt,
1752 1946 1806 1997 et

117 2037 229 2086 BA
276 2034 340 2086 ad
388 2037 590 2102 puncta
635 2037 915 2086 contactus
965 2033 1124 2086 ducta
1172 2036 1275 2102 est,
1323 2035 1426 2085 ΓΔ
1474 2035 1651 2085 autem
1694 2050 1802 2085 sec-

115 2122 320 2174 tionem
366 2123 422 2174 in
461 2125 521 2190 Γ,
568 2125 637 2190 Ε,
686 2125 792 2174 ΑΒ
842 2125 1020 2174 autem
1066 2122 1122 2174 in
1159 2125 1219 2174 H
1265 2139 1453 2174 secans
1501 2120 1660 2173 ducta
1707 2125 1804 2190 est,

118 2211 220 2262 erit
262 2209 392 2277 [IIL
431 2210 525 2276 37]
566 2212 668 2262 ΓΔ
693 2226 704 2259 :
731 2214 846 2262 AE
868 2236 935 2252 =
963 2213 1078 2262 ΓΗ
1099 2228 1110 2262 :
1135 2213 1272 2278 ΗΕ,
1321 2210 1463 2279 quod
1510 2210 1801 2262 absurdum

131 1651 176 1694 A
1001 1652 1047 1693 A

118 2300 222 2367 est3
254 2299 626 2367 supposuimus
654 2299 812 2367 enim,
838 2316 952 2351 esse
977 2301 1080 2350 ΓΔ
1105 2317 1116 2351 :
1143 2301 1198 2349 A
1208 2301 1259 2350 E
1282 2322 1350 2339 =
1376 2300 1476 2349 ΓΖ
1501 2315 1513 2349 :
1539 2301 1655 2352 ZE.
1701 2298 1804 2352 ita-

118 2404 220 2455 que
259 2383 368 2438 BA
411 2389 615 2439 rectam
657 2389 761 2439 ΓΕ
797 2387 852 2438 in
894 2386 1003 2439 alio
1042 2389 1243 2455 puncto
1284 2404 1394 2438 non
1435 2389 1595 2439 secat.
1674 2404 1802 2457 ergo

116 2474 174 2526 in
215 2477 259 2525 Z
299 2477 459 2526 secat.

237 2577 280 2631 1)
322 2574 449 2627 Quae
480 2574 843 2630 praemittuntur
873 2574 1016 2619 uerba
1048 2574 1130 2618 lin.
1166 2579 1276 2618 14—
1285 2580 1359 2629 16,
1404 2573 1645 2618 subditiua.
1677 2576 1799 2619 sunt.

117 2627 1800 2762 2²32?ufffssssssffbafssffssasszznz§510035225133232‘3222532¹32b205355¹35353

118 2750 302 2794 inutilia
333 2751 459 2803 sunt3
493 2748 692 2805 denique
723 2747 813 2806 γάρ
844 2749 925 2794 lin.
963 2755 1030 2806 17,
1064 2750 1188 2805 quod
1218 2749 1354 2794 initio
1388 2726 1799 2794 demonstrationis

118 2810 242 2853 recte
274 2783 543 2862 colloca'tur,
573 2810 681 2864 post
709 2808 1000 2865 prooemium
1031 2807 1148 2852 illud
1173 2808 1425 2852 absurdum
1450 2809 1533 2851 est.
1580 2806 1669 2852 hoc
1696 2821 1797 2851 sen-

118 2866 239 2910 tiens
275 2865 472 2922 scriptor
501 2867 716 2911 iibrarius
749 2867 922 2911 codicis
953 2882 983 2924 p
1023 2864 1112 2924 γάρ
1147 2866 1304 2910 omisit
1345 2867 1424 2911 lin.
1461 2869 1513 2910 17
1551 2867 1598 2908 et
1629 2865 1706 2910 lin.
1741 2871 1797 2910 14

27 2982 29 2984 q
116 2918 202 2969 οὖν
234 2925 283 2968 in
314 2924 402 2981 γάρ
434 2925 648 2969 mutauit.
