2046 3256
256 152 364 205 222
727 154 1167 198 οοΜΜΕΝΤΑΒΙΑ
1198 153 1478 205 ANTIQUA.

919 305 1035 367 Εἰς
1073 304 1143 357 τὸ
1186 300 1278 372 ιγ’.

367 412 478 461 Δεῖ
522 404 981 476 σημειώσασθαι,
1038 402 1123 461 ὅτι
1169 408 1334 461 τοῦτο
1383 406 1445 461 τὸ
1495 402 1766 475 θεώρημα
1812 413 1958 472 τρεῖς

254 498 364 564 ἔχει
418 493 802 566 καταγραφάς,
859 492 933 559 ὡς
985 495 1079 550 καὶ
1134 494 1402 559 πολλάκις
1456 500 1669 566 εἴρηται
1724 491 1811 547 ἐπὶ
1857 494 1956 562 τῆς

254 584 567 649 ἐλλείψεως·
624 580 657 653 ἡ
711 583 819 654 γὰρ
866 589 983 638 ΔΕ
1026 580 1060 654 ἢ
1109 580 1365 655 ἀνωτέρω
1412 586 1515 638 τοῦ
1562 587 1614 637 Γ
1654 584 1951 652 συμπίπτει

193 695 219 734 5
252 674 318 743 τῇ
366 676 483 727 ΑΓ
519 668 554 743 ἢ
601 670 719 727 κατ’
765 670 940 728 αὐτοῦ
985 676 1087 728 τοῦ
1128 672 1246 744 Γῆ
1289 672 1533 743 ἐξωτέρω
1574 671 1951 742 ἐκβαλλομένῃ

251 763 318 833 τῇ
358 768 411 815 A
420 765 474 815 Γ
505 766 818 832 συμπίπτει.

930 883 1043 945 Εἰς
1081 883 1151 935 τὸ
1193 879 1289 937 ιδ’.

366 986 632 1038 Δυνατὸν
674 978 743 1054 ἦν
781 984 873 1038 καὶ
903 982 1080 1049 οὕτως
1114 986 1307 1055 δεῖξαι,
1348 981 1451 1054 ὅτι,
1492 981 1565 1049 ὡς
1598 986 1661 1039 τὸ
1693 978 1803 1037 ἀπὸ
1838 987 1955 1036 ΑΣ

250 1075 387 1142 πρὸς
425 1076 488 1127 τὸ
527 1070 635 1127 ὑπὸ
677 1077 862 1143 ΒΣΓ,
910 1071 1087 1138 οὕτως
1132 1076 1193 1128 τὸ
1242 1071 1349 1128 ἀπὸ
1392 1078 1510 1127 AT
1547 1074 1684 1143 πρὸς
1730 1073 1792 1125 τὸ
1838 1067 1952 1125 ὑπὸ

164 1176 218 1215 10
250 1163 423 1223 ΞΤΟ.

364 1249 478 1304 ἐπεὶ
527 1248 633 1320 γὰρ
681 1248 1038 1320 παράλληλός
1086 1250 1237 1304 ἐστιν
1279 1247 1311 1319 ἡ
1355 1253 1463 1303 ΒΓ
1494 1251 1561 1321 τῇ
1600 1250 1729 1318 ΞΟ,
1777 1250 1948 1318 ἔστιν,

251 1336 326 1403 ὡς
373 1336 406 1409 ἡ
457 1343 568 1393 ΓΣ
617 1342 755 1409 πρὸς
801 1343 941 1407 ΣΑ,
996 1337 1030 1408 ἡ
1079 1340 1192 1401 ΞΤ
1229 1341 1367 1410 πρὸς
1420 1344 1547 1407 ΤΑ,
1603 1337 1695 1392 καὶ
1745 1334 1839 1392 διὰ
1883 1336 1950 1393 τὰ

251 1425 411 1496 αὐτά,
452 1424 526 1492 ὡς
565 1424 599 1496 ἡ
639 1432 759 1482 ΑΣ
791 1429 930 1498 πρὸς
960 1432 1089 1497 ΣΒ,
1131 1424 1164 1497 ἡ
1198 1432 1315 1481 AT
1345 1429 1484 1498 πρὸς
1529 1430 1649 1480 ΤΟ·
1699 1425 1773 1480 δι’
1821 1432 1949 1481 ἴσου

252 1515 385 1589 ἄρα,
433 1513 507 1581 ὡς
546 1512 579 1585 ἡ
622 1519 734 1569 ΓΣ
775 1518 912 1585 πρὸς
953 1520 1086 1584 ΣΒ,
1137 1512 1170 1585 ἡ
1213 1516 1324 1578 ΞΤ
1362 1518 1500 1585 πρὸς
1545 1519 1659 1570 ΤΟ.
1735 1515 1829 1570 καὶ
1876 1511 1950 1579 ὡς

163 1619 215 1658 15
250 1604 358 1676 ἄρα
397 1607 459 1659 τὸ
501 1602 608 1659 ἀπὸ
642 1608 755 1658 ΓΣ
790 1603 929 1674 πρὸς
967 1604 1030 1659 τὸ
1071 1602 1181 1659 ὑπὸ
1218 1609 1397 1674 ΓΣΒ,
1437 1603 1499 1659 τὸ
1534 1601 1640 1659 ἀπὸ
1676 1606 1787 1667 ΞΤ
1809 1604 1951 1676 πρὸς

247 1693 309 1749 τὸ
358 1691 468 1748 ὑπὸ
509 1695 684 1755 ΞΤΟ.
763 1697 878 1748 ἔστι
926 1692 988 1748 δὲ
1037 1691 1130 1748 διὰ
1177 1691 1281 1764 τὴν
1330 1690 1632 1764 ὁμοιότητα
1677 1701 1791 1748 τῶν
1833 1713 1947 1763 τρι-

247 1781 467 1852 γώνων,
509 1779 582 1846 ὡς
613 1780 674 1837 τὸ
710 1780 818 1837 ἀπὸ
851 1787 970 1837 ΑΣ
1003 1780 1145 1853 πρὸς
1181 1783 1244 1837 τὸ
1287 1779 1394 1837 ἀπὸ
1429 1786 1554 1851 ΣΓ,
1593 1781 1654 1837 τὸ
1694 1779 1802 1836 ἀπὸ
1838 1786 1956 1835 ΛΤ

248 1871 385 1943 πρὸς
423 1870 486 1925 τὸ
529 1869 637 1925 ἀπὸ
673 1873 796 1933 ΞΤ·
847 1868 920 1925 δι’
959 1878 1087 1926 ἴσον
1127 1869 1254 1941 ἄρα,
1295 1869 1370 1935 ὡς
1407 1870 1469 1926 τὸ
1512 1868 1620 1925 ἀπὸ
1654 1875 1775 1924 ΑΣ
1807 1867 1947 1942 πρὸς

248 1961 309 2015 τὸ
351 1957 460 2015 ὑπὸ
503 1963 695 2028 ΒΣΓ,
734 1957 797 2014 τὸ
841 1955 948 2014 ἀπὸ
990 1965 1109 2013 AT
1141 1957 1282 2029 πρὸς
1319 1957 1381 2014 τὸ
1424 1956 1533 2014 ὑπὸ
1575 1960 1754 2022 ΞΤΟ.

159 2062 215 2101 20
359 2053 457 2103 καί
492 2050 662 2118 ἐστιν,
703 2045 777 2113 ὥς
817 2047 918 2118 μὲν
957 2046 1021 2103 τὸ
1062 2044 1170 2103 ἀπὸ
1205 2053 1325 2103 ΑΣ
1358 2049 1499 2120 πρὸς
1530 2046 1592 2102 τὸ
1622 2044 1730 2102 ὑπὸ
1765 2051 1946 2116 ΒΣΓ,

247 2134 281 2208 ἡ
330 2143 438 2193 ΘΕ
487 2135 626 2208 πρὸς
673 2143 813 2207 ΕΠ,
870 2134 945 2202 ὥς
999 2137 1061 2192 δὲ
1109 2137 1173 2192 τὸ
1226 2134 1334 2192 ἀπὸ
1383 2142 1505 2191 AT
1541 2136 1679 2207 πρὸς
1724 2133 1787 2192 τὸ
1835 2133 1944 2191 ὑπὸ

248 2229 434 2295 ΞΤΟ,
475 2222 507 2295 ἡ
549 2231 659 2280 ΘΕ
693 2224 832 2298 πρὸς
870 2231 989 2280 &P
1029 2227 1121 2281 καὶ
1163 2223 1235 2291 ὡς
1274 2223 1383 2298 ἄρα
1423 2223 1457 2296 ἡ
1498 2231 1606 2280 ΘΕ
1640 2224 1781 2296 πρὸς
1810 2230 1943 2295 ΕΠ,

248 2312 281 2384 ἡ
322 2320 427 2369 ΕΘ
465 2315 607 2384 πρὸς
646 2321 759 2369 ΘΡ.
837 2321 928 2386 ἴση
970 2314 1079 2386 ἄρα
1119 2315 1268 2370 ἐστὶν
1309 2311 1342 2385 ἡ
1383 2320 1506 2368 ΕΠ
1539 2317 1605 2386 τῇ
1645 2319 1759 2370 &R

358 2406 570 2458 πτῶσιν
627 2403 729 2474 μὲν
784 2396 889 2459 οὖν
945 2401 1047 2459 οὐκ
1103 2408 1237 2475 ἔχει,
1292 2401 1540 2475 φανερὸς
1595 2403 1661 2458 δέ
1711 2404 1861 2457 ἐστιν
1913 2401 1942 2457 ὁ

160 2505 215 2543 25
249 2490 454 2555 σκοπὸς
486 2490 723 2561 συνεχὴς
754 2487 834 2545 ὢν
858 2502 975 2557 τοῖς
1006 2490 1112 2563 πρὸ
1149 2490 1324 2547 αὐτοῦ
1353 2496 1558 2562 τρισίν·
1595 2489 1803 2562 ὁμοίως
1832 2491 1942 2561 γὰρ

250 2581 481 2644 ἐκείνοις
534 2580 639 2649 τὴν
696 2578 995 2651 διάμετρον
1041 2582 1154 2635 τῶν
1205 2577 1603 2650 ἀντικειμένων
1653 2583 1800 2649 ζητεῖ
1841 2578 1944 2648 τὴν

249 2667 484 2739 ἀρχικὴν
524 2667 616 2722 καὶ
656 2665 753 2731 τὰς
794 2664 924 2738 παρ’
970 2665 1035 2732 ἃς
1075 2668 1363 2723 δύνανται.

371 2837 407 2874 1.
442 2829 531 2888 ιγ’]
564 2844 620 2886 w,
654 2846 680 2887 y
713 2844 736 2874 e
770 2843 884 2874 corr.
911 2830 985 2882 W,
1020 2848 1035 2873 ι
1069 2844 1093 2874 e
1120 2844 1232 2875 corr.
1259 2845 1304 2886 p.
1400 2834 1441 2874 4.
1477 2826 1700 2884 ἐλλίψεως
1731 2829 1805 2873 W.
1899 2833 1939 2873 8.

247 2889 366 2947 ΑΣ]
397 2893 432 2932 Α
468 2904 491 2933 e
525 2903 639 2933 corr.
665 2889 739 2933 W.
855 2893 896 2932 9.
931 2885 1053 2933 οὕτω
1086 2904 1131 2945 p.
1249 2892 1316 2932 10.
1351 2887 1525 2945 ΞΤΟ]
1561 2891 1651 2931 ΖΤ
1678 2887 1794 2944 Wp,
1828 2901 1940 2932 corr.

252 2948 427 2992 Comm.
539 2952 607 2991 11.
641 2948 754 3006 ΞΟ]
789 2949 879 2991 ZO
909 2947 1024 3004 Wp,
1060 2961 1174 2993 corr.
1201 2947 1374 2992 Comm.
1493 2952 1562 2992 13.
1601 2946 1717 3005 ΤΟ]
1750 2943 1833 2990 τὸν
1865 2946 1940 3002 W,
