2046 3224
727 130 1188 173 PROLEGOMENA.
1660 128 1809 172 XLIX

115 250 214 294 ΘΣ
242 274 297 281 -
331 252 386 293 19
418 251 515 292 ΜΖ
545 244 620 306 τό]
653 261 742 291 om.
877 251 930 290 19
972 247 1147 305 ΕΘΗ]
1181 248 1335 291 ΣΘΠ
1464 251 1518 290 21
1560 247 1691 305 ΞΜ]
1725 249 1807 303 τῆς

115 316 224 364 ΜΞ
312 319 366 359 22
401 314 576 372 ΕΘΠ]
610 315 704 358 ΕΘ
801 318 858 357 24
890 312 1061 371 AEN]
1093 314 1250 361 ΛΞΜ
1339 318 1394 357 26
1426 311 1478 357 τό
1497 313 1621 372 (pr.)]
1657 311 1719 364 ὡς
1750 313 1804 357 τό

235 397 280 439 p.
312 385 415 436 410,
451 385 474 424 1
515 381 624 438 KA]
665 380 745 435 τῆς
776 383 868 424 ΑΚ
987 383 1013 421 2
1052 375 1147 422 ἀπὸ
1182 379 1308 437 ΕΗ]
1350 382 1452 423 ΕΗ
1567 380 1684 438 ΖΗ]
1724 381 1806 435 τῆς

120 451 209 492 ΗΖ
311 452 363 491 17
398 443 768 503 ἐπεζεύχθωσαν
859 439 911 504 ἡ]
944 442 998 489 αῖ
1110 450 1163 490 18
1195 443 1223 501 ἡ
1259 446 1420 504 ΓΔΕ]
1453 449 1596 490 ΔΓΕ
1696 447 1804 505 ΕΒ]

118 527 234 558 corr.
268 527 323 558 ex
354 517 390 557 B
483 509 601 571 ἀπό]
635 508 714 557 διά
809 517 862 556 19
895 508 1011 570 ἀπό]
1041 508 1120 555 διά
1212 516 1269 556 20
1302 510 1363 564 ὡς
1387 539 1441 546 -
1468 513 1583 570 ΛΕ]
1617 510 1803 570 διήχθω

114 597 185 632 τις
232 576 405 625 εὐθεῖα
451 577 684 636 τέμνουσα
731 574 963 635 ἑκατέραν
1010 582 1103 622 τῶν
1142 579 1296 635 τομῶν
1343 581 1424 623 καὶ
1462 575 1549 635 τὴν
1589 583 1686 624 ΖΗ
1729 577 1802 625 ἔκ-

117 647 378 706 βληθεῖσαν
409 644 438 702 ἡ
477 648 665 690 ΘΕΚΛ
786 648 842 688 25
874 645 998 703 ΚΠ]
1034 647 1135 688 HK

234 728 279 770 p.
312 717 414 770 412,
446 717 472 756 2
505 715 597 756 ΚΕ
611 713 669 770 Ο]
703 714 848 756 ΚΘΕ
966 716 992 756 8
1025 711 1130 768 καί]
1163 711 1213 755 in
1243 725 1332 756 ras,
1457 717 1508 756 11
1543 710 1680 772 μετά]
1714 713 1804 771 bis,

117 793 232 825 corr.
266 794 325 824 m.
359 792 450 824 rec.
554 778 802 836 τρίγωνον]
838 792 926 823 om.
1052 782 1104 821 12
1138 775 1386 836 τριγώνου]
1422 791 1510 823 om.
1628 784 1681 824 13
1714 781 1805 837 τρί-

117 846 289 904 γωνον]
324 859 413 890 om.
517 850 571 889 14
602 844 848 902 τρίγωνον]
883 859 969 889 om.
1072 849 1126 889 15
1158 845 1404 902 τρίγωνον]
1440 859 1529 890 om.
1624 851 1679 890 16
1710 846 1803 902 τρί-

12 896 26 978 ⁵3
114 912 290 970 γωνον]
324 926 413 957 om.
538 916 591 956 17
625 911 795 968 ΠΛΟ]
830 913 980 955 ΛΠΟ
1102 915 1156 955 18
1188 912 1304 954 ΜΝ
1329 908 1446 967 πρὸς
1476 908 1527 956 τὸ
1564 909 1679 971 ἀπό]
1714 927 1803 958 om.

177 983 230 1022 21
271 980 382 1034 post
412 979 499 1028 ΞΑ
539 978 628 1022 del.
660 973 778 1035 πρὸς
808 973 860 1022 τὸ
893 973 991 1022 ἀπὸ
1024 977 1107 1033 τῆς
1138 978 1226 1026 ΞΑ
1347 982 1404 1022 24
1444 979 1560 1037 ΛΚ]
1602 980 1684 1034 τῆς
1715 983 1809 1024 ΛΚ

114 1057 141 1087 e
174 1057 289 1089 corr.

234 1125 278 1167 p.
312 1114 413 1166 414,
446 1115 471 1154 5
504 1106 557 1155 τὸ
593 1111 664 1169 Η]
699 1125 722 1155 e
756 1125 871 1155 corr.
996 1115 1049 1154 12
1084 1105 1316 1169 ἐρχέσθω]
1351 1106 1561 1168 ἐρχέσθω
1595 1108 1653 1167 δή
1749 1118 1802 1157 15

115 1176 232 1234 ΛΓ]
268 1180 348 1221 ΓΛ
455 1173 534 1220 διὰ
567 1174 673 1235 μέν]
708 1173 793 1234 μὲν
826 1173 906 1220 διά
1011 1181 1064 1220 18
1099 1173 1346 1234 διάμετρος
1375 1203 1431 1211 -—
1468 1182 1521 1222 19
1555 1174 1685 1236 ἐπεί]
1718 1179 1801 1235 bis,

116 1242 200 1286 sed
232 1256 347 1287 corr.
470 1247 526 1287 23
562 1241 707 1301 ἔστιν]
745 1241 870 1287 ἔστιν
903 1239 996 1299 ἄρα
1117 1247 1172 1286 27
1209 1244 1450 1301 διπλασία]
1485 1246 1623 1300 διπλῆ
1746 1251 1801 1290 28

115 1309 229 1366 ΑΓ]
265 1312 354 1353 ΖΓ
472 1309 589 1366 ΓΞ]
624 1312 713 1352 ΓΕ
834 1309 951 1367 ΕΓ]
985 1308 1079 1356 ΞΓ
1196 1309 1300 1367 ΓΖ]
1335 1313 1410 1353 ΓΑ

236 1390 281 1431 p.
315 1379 417 1432 416,
451 1380 474 1419 1
509 1376 616 1434 καί]
650 1375 730 1420 καὶ
755 1372 991 1419 ἀνάπαλιν
1021 1373 1082 1426 ὡς
1106 1373 1134 1430 ἡ
1161 1378 1257 1418 ΕΓ
1277 1378 1337 1433 (Ε
1362 1391 1385 1421 e
1405 1378 1538 1433 corr.)
1562 1375 1680 1434 πρὸς
1704 1381 1802 1435 ΓΖ,

35 1495 37 1498 Ι
117 1438 262 1496 ἡΑΓ
287 1438 406 1499 πρὸς
431 1441 525 1489 ΓΞ
611 1442 727 1500 ΕΓ]
763 1445 850 1485 ΓΕ
940 1442 1057 1500 ΑΞ]
1089 1442 1182 1489 ΑΞ
1208 1443 1295 1486 καί
1381 1443 1562 1501 3AN]
1596 1447 1681 1488 NA
1774 1450 1799 1488 6

115 1508 225 1566 ΑΛ]
259 1512 347 1552 ΑΛ
378 1509 465 1552 καί
582 1512 635 1551 13
675 1508 790 1566 ΑΞ]
823 1508 908 1555 ΞΑ
1031 1511 1088 1551 14
1118 1508 1219 1566 ΑΛ]
1256 1512 1341 1552 ΛΑ
1466 1513 1519 1554 15
1553 1510 1668 1568 ΓΞ]
1702 1511 1749 1558 Ξ
1777 1524 1802 1555 e

114 1588 231 1620 corr.
355 1579 409 1618 18
449 1574 531 1619 καὶ
561 1572 590 1630 ἡ
627 1575 730 1632 ΓΖ]
765 1571 960 1631 ἐδείχθη
994 1572 1047 1618 δὲ
1080 1576 1183 1632 καί,
1217 1572 1277 1625 ὡς
1308 1573 1336 1630 ἡ
1372 1575 1464 1623 ΓΞ
1490 1572 1608 1632 πρὸς
1639 1576 1739 1632 ΞΑ,
1771 1574 1803 1633 ἥ

114 1656 163 1685 τε
199 1643 280 1684 ΓΖ
402 1644 458 1684 23
490 1637 639 1699 παρά]
675 1637 763 1685 δύο
796 1637 990 1685 εὐθεῖαι
1020 1639 1150 1698 παρά

236 1722 281 1763 p.
307 1711 410 1763 418,
437 1712 459 1750 1
496 1707 603 1765 ΛΒ]
636 1710 718 1750 ΒΔ
803 1711 856 1752 17
882 1707 987 1765 ΑΒ]
1015 1711 1116 1751 ΑΜ
1185 1711 1241 1751 2ο
1267 1710 1468 1766 ZA(pr.)
1494 1734 1548 1742 —
1573 1709 1681 1767 KZ]
1708 1725 1800 1767 mg.

233 1788 279 1830 p.
311 1777 412 1830 420,
447 1777 470 1815 1
503 1771 532 1828 ἡ
565 1773 668 1832 ΒΖ]
703 1786 728 1817 e
761 1787 875 1818 corr.
969 1778 993 1817 7
1026 1773 1108 1833 τῷ]
1141 1774 1204 1831 τῷ
1237 1769 1331 1818 ἀπὸ
1364 1775 1445 1830 τῆς
1470 1778 1566 1818 ΖΗ
1591 1777 1653 1833 τῷ
1744 1781 1799 1820 25

120 1838 214 1897 ἴση]
250 1840 324 1895 ἴση
356 1835 481 1883 ἐστίν
602 1844 658 1884 26
692 1840 850 1898 διπλῆ]
886 1840 1024 1895 διπλῆ
1060 1837 1154 1884 ἐστι
1258 1845 1314 1886 28
1347 1837 1444 1885 ἐστι
1475 1867 1530 1874 —-
1562 1857 1606 1898 p.
1639 1846 1740 1898 422,
1776 1848 1798 1886 1

113 1902 474 1964 τετραπλάσιον]
506 1921 599 1963 mg.

233 1987 279 2028 p.
304 1977 406 2028 422,
433 1977 455 2016 1
490 1969 562 2030 τό]
590 1973 671 2017 καὶ
696 1970 749 2016 τό
832 1973 1002 2031 ARN]
1029 1973 1123 2017 τῶν
1148 1976 1249 2028 ΛΒ,
1273 1976 1380 2029 ΒΝ,
1413 1976 1467 2017 Ν
1486 1988 1510 2018 e
1536 1989 1650 2020 corr.
1747 1980 1797 2019 11

114 2033 287 2097 &(pr.)]
323 2052 412 2083 om.
522 2042 575 2082 12
610 2041 744 2094 ΓΑΖ,
770 2041 919 2082 ΕΒΗ
1019 2043 1074 2083 13
1107 2039 1222 2097 ΖΗ]
1259 2042 1348 2083 ΗΖ
1455 2045 1509 2085 16
1543 2042 1664 2099 ἴσον]
1699 2043 1799 2086 ἴσον

117 2101 220 2148 ἔστί
336 2110 392 2149 20
426 2105 543 2163 ΖΗ]
579 2108 668 2148 ΗΖ
788 2109 844 2148 23
876 2105 978 2163 AZ]
1013 2108 1091 2149 ZA
1212 2110 1270 2149 24
1301 2103 1384 2163 ὡς]
1418 2120 1556 2163 supra
1588 2121 1672 2153 scr.

236 2186 280 2227 p.
316 2175 417 2226 424,
451 2175 506 2214 12
538 2170 747 2228 ποιοῦσι]
780 2167 1027 2226 ποιήσουσι
1136 2175 1190 2215 16
1222 2171 1324 2229 ΒΛ]
1359 2185 1383 2215 e
1415 2185 1530 2217 corr.
1638 2175 1799 2232 ΓΕΔ]

118 2239 251 2280 ΓΔΕ
388 2240 442 2280 18
482 2233 534 2280 τό
560 2237 693 2294 (pr.)]
734 2234 786 2280 τό
817 2253 866 2281 τε
1005 2241 1061 2281 20
1101 2238 1249 2294 γωνία
1279 2263 1338 2270 -
1370 2242 1426 2282 21
1465 2235 1611 2297 ἔστιν]
1653 2237 1807 2298 ὀρθαί

120 2301 237 2347 εἰσιν
358 2307 415 2348 25
449 2299 573 2361 ἐστί]
606 2318 694 2348 om.
818 2308 873 2348 29
907 2304 1049 2362 ΓΑΖ]
1085 2306 1219 2347 ΖΑΓ
1335 2305 1486 2363 ΑΓΖ]
1520 2309 1658 2350 ΑΖΓ

234 2384 288 2426 p,
314 2373 415 2425 426,
451 2373 474 2412 1
506 2370 666 2428 ΑΖΓ]
700 2373 830 2414 ΑΓΖ
943 2376 968 2415 3
1002 2367 1162 2428 λοιπή]
1196 2366 1277 2426 ὅλη
1394 2377 1419 2416 6
1451 2368 1479 2428 ἡ
1514 2373 1798 2430 καταγραφὴ

116 2435 200 2478 τοῦ
250 2434 481 2493 σχήματος
528 2433 668 2493 ὁμοία
715 2436 770 2493 τῇ
813 2432 1007 2481 ἄνωθεν
1045 2451 1138 2494 mg.
1264 2441 1315 2480 11
1349 2434 1496 2495 ὀρθή]
1530 2453 1619 2483 om.
1745 2445 1797 2484 12

117 2499 310 2560 κύκλος]
341 2503 505 2558 Ροείῑεει
536 2502 640 2547 add.
675 2515 826 2559 comp.
925 2507 981 2547 20
1015 2503 1109 2560 ἴση]
1145 2517 1234 2547 om.
1327 2504 1477 2562 ΑΓΖ]
1510 2509 1640 2549 ΑΓΖ
1674 2504 1798 2551 ἐστιν

115 2568 191 2624 ἴση
313 2573 368 2612 21
402 2568 565 2625 ΒΔΗ]
599 2571 738 2611 ΒΔΗ
767 2570 842 2624 ἴση
878 2564 1001 2613 ἐστίν

233 2649 279 2691 p.
311 2637 413 2690 428,
447 2639 470 2677 7
505 2634 600 2691 ἴση]
636 2635 710 2690 ἴση
744 2631 869 2679 ἐστίν
984 2639 1038 2678 13
1069 2636 1225 2693 ΛΘΔ]
1259 2637 1396 2680 ΛΘΔ
1426 2636 1633 2696 τριγώνῳ
1744 2642 1798 2681 16

117 2699 231 2757 ΔΘ]
265 2713 288 2743 e
322 2713 435 2745 corr.
551 2705 606 2744 19
638 2701 722 2760 τῷ]
754 2706 852 2752 τοῖς
965 2705 1021 2745 20
1055 2702 1156 2759 ΓΖ]
1190 2705 1279 2745 ΖΓ
1386 2706 1442 2745 22
1476 2703 1573 2760 ΓΛ]
1609 2705 1687 2745 ΓΛ
1718 2704 1804 2747 καί

176 2769 234 2808 24
265 2767 350 2809 καί
378 2791 433 2798 -
466 2766 573 2824 ΚΑ]
610 2780 698 2810 om.
799 2772 854 2811 27
887 2767 994 2825 KA]
1029 2764 1113 2823 τὴν
1146 2772 1232 2812 ΚΑ
1324 2773 1380 2812 28
1414 2770 1505 2811 ΔΕ
1530 2769 1667 2824 (alt.)]
1700 2771 1805 2812 ΔΗ

234 2845 278 2886 p.
312 2835 413 2887 430,
448 2836 501 2875 13
534 2828 684 2891 αὐτῷ]
717 2829 843 2892 αὐτῷ
878 2831 966 2878 εἰσι
1058 2838 1111 2877 15
1145 2835 1239 2892 ἴση]
1274 2831 1397 2878 ἐστιν
1432 2835 1506 2889 ἴση
1598 2839 1653 2878 23
1687 2836 1796 2893 ΒΘ]

118 2897 205 2940 ΘΒ
326 2900 382 2940 25
415 2895 562 2956 ὀρθή]
597 2895 719 2955 ὀρθή
754 2896 878 2943 ἔστιν

206 2978 520 3022 Apollonius,
547 2980 602 3013 ed.
626 2981 805 3021 Heiborg.
844 2982 895 3014 11.
1502 2973 1532 3015 d
