2046 3256
236 164 309 218 56
903 166 1180 212 ΚῼΝΙΚΩΝ
1213 167 1242 211 δ
1250 164 1276 212 ’.

350 287 599 342 ἔστωσαν
639 282 1014 355 ἀντικείμεναι
1054 287 1116 339 αἱ
1145 292 1217 355 Δ,
1249 291 1488 357 ΑΕΓΖ,
1527 285 1620 342 καὶ
1660 289 1798 342 ἔστω
1829 279 1935 344 κῶ-

236 396 343 430 νου
389 375 530 446 τομὴ
578 370 612 445 ἢ
658 371 870 429 κύκλου
908 375 1230 446 περιφέρεια
1269 372 1302 446 ἡ
1344 380 1510 431 ΑΒΖ
1549 377 1935 447 συμπίπτουσα

237 467 306 537 τῇ
341 464 498 537 ἑτέρα
535 465 649 518 τῶν
689 459 1087 533 ἀντικειμένων
1127 462 1265 519 κατὰ

241 552 345 607 δύο
373 562 572 623 σημεῖα
599 549 665 606 τὰ
692 557 761 620 Α,
781 556 844 621 Ζ,
876 551 967 606 καὶ
994 553 1265 623 ἐχέτωσαν

177 652 206 692 5
238 644 302 696 αἱ
345 646 528 708 ΑΒΖ,
575 644 737 694 ΑΓΖ
827 639 991 711 τομαὶ
1053 641 1138 696 ἐπὶ
1200 639 1265 697 τὰ

238 729 378 786 αὐτὰ
421 729 557 801 μέρη
604 729 672 783 τὰ
715 734 890 784 κοῖλα.
965 730 1133 800 λέγω,
1182 727 1266 785 ὅτι

237 819 273 891 ἡ
314 825 479 875 ΑΒΖ
519 816 742 890 γραμμὴ
784 818 1159 889 ἐκβαλλομένη
1200 816 1267 874 οὐ

239 917 597 980 συμπεσεῖται
635 909 701 978 τῇ
743 912 812 961 Δ.

352 993 663 1066 ἐπεζεύχθω
688 992 794 1065 γὰρ
820 991 994 1065 ἡΑΖ.
1033 994 1126 1050 καὶ
1152 994 1266 1050 ἐπεὶ
1894 1001 1939 1043 Ζ

151 1098 208 1139 10
238 1083 620 1155 ἀντικείμεναί
664 1086 808 1137 εἰσιν
855 1084 917 1136 αἱ
960 1089 1038 1153 Δ,
1079 1089 1266 1154 ΑΓΖ,

236 1173 332 1230 καὶ
371 1171 405 1244 ἡ
440 1178 547 1227 ΑΖ
586 1169 781 1227 εὐθεῖα
820 1169 957 1226 κατὰ
999 1170 1103 1227 δύο
1136 1173 1321 1244 τέμνει
1351 1172 1454 1245 τὴν
1486 1170 1825 1247 ὑπερβολήν,
1865 1172 1937 1229 οὐ

239 1272 598 1334 συμπεσεῖται
629 1260 1003 1331 ἐκβαλλομένη
1039 1264 1105 1333 τῇ
1139 1268 1194 1315 A
1232 1260 1597 1336 ἀντικειμένῃ.
1662 1259 1798 1319 οὐδὲ
1830 1260 1940 1335 ἄρα

239 1349 274 1423 ἡ
309 1356 474 1407 ΑΒΖ
513 1349 737 1422 γραμμὴ
781 1361 1135 1421 συμπεσεῖται
1174 1359 1239 1424 τῇ
1274 1359 1342 1407 A.

1045 1556 1142 1623 λζ’.

150 1694 205 1733 15
345 1674 477 1732 Ἐὰν
507 1675 696 1732 κώνου
726 1673 866 1746 τομὴ
899 1672 933 1747 ἢ
965 1674 1176 1732 κύκλου
1206 1675 1528 1749 περιφέρεια
1563 1677 1662 1749 μιᾷ
1692 1683 1807 1731 τῶν
1839 1672 1939 1731 ἄν·
1977 1683 1980 1686 ’

237 1766 561 1836 τικειμένων
603 1767 901 1836 συμπίπτῃ,
941 1766 1008 1836 τῇ
1047 1766 1213 1836 λοιπῇ
1255 1761 1440 1820 αὐτῶν
1478 1761 1546 1820 οὐ
1579 1775 1935 1837 συμπεσεῖται

236 1852 374 1910 κατὰ
416 1856 649 1908 πλείονα
688 1863 886 1924 σημεῖα
925 1847 958 1923 ἢ
1001 1851 1122 1908 δύο.

351 1945 600 1997 ἔστωσαν
640 1938 1013 2011 ἀντικείμεναι
1052 1943 1116 1995 αἱ
1142 1948 1210 2011 Α,
1243 1946 1310 2011 Β,
1347 1941 1440 1996 καὶ
1481 1941 1838 2012 συμβαλλέτω
1869 1942 1938 2014 τῇ

239 2038 293 2087 Α
332 2029 518 2085 κώνου
555 2029 695 2099 τομὴ
737 2027 771 2099 ἢ
811 2028 1022 2084 κύκλου
1059 2030 1384 2101 περιφέρεια
1422 2026 1456 2100 ἡ
1490 2033 1662 2084 ΑΒΓ
1691 2028 1783 2085 καὶ
1818 2051 1940 2101 τεμ-

151 2139 209 2180 20
241 2120 381 2176 νέτω
429 2118 533 2188 τὴν
579 2122 626 2171 Β
675 2115 1062 2189 ἀντικειμένην
1108 2116 1246 2173 κατὰ
1290 2119 1356 2173 τὰ
1397 2124 1470 2188 Β,
1506 2122 1564 2174 Γ.
1640 2118 1807 2190 λέγω,
1851 2115 1941 2174 ὅτι

239 2205 359 2264 κατ’
405 2205 540 2262 ἄλλο
583 2216 816 2277 σημεῖον
857 2203 926 2261 οὐ
966 2218 1320 2278 συμπεσεῖται
1358 2214 1425 2279 τῇ
1466 2211 1582 2263 ΒΓ.

353 2299 403 2351 εἰ
447 2294 553 2366 γὰρ
604 2294 874 2365 δυνατόν,
923 2297 1272 2366 συμπιπτέτω
1320 2293 1457 2350 κατὰ
1503 2293 1564 2350 τὸ
1607 2301 1674 2352 Δ.
1753 2292 1787 2366 ἡ
1827 2291 1939 2367 ἄρα

238 2390 408 2440 ΒΓΔ
446 2387 513 2456 τῇ
553 2388 663 2439 ΒΓ
693 2386 833 2456 τομῇ
878 2384 1182 2456 συμβάλλει
1220 2383 1357 2439 κατὰ
1396 2387 1626 2439 πλείονα
1665 2393 1864 2454 σημεῖα
1901 2379 1939 2455 ἢ

242 2474 346 2529 δύο
387 2473 461 2544 μὴ
504 2472 591 2527 ἐπὶ
630 2470 697 2527 τὰ
735 2469 875 2528 αὐτὰ
910 2476 1113 2544 ἔχουσα
1144 2473 1210 2529 τὰ
1245 2478 1427 2528 κοῖλα·
1469 2468 1603 2542 ὅπερ
1636 2469 1937 2528 ἀδύνατον.

151 2582 210 2622 25
355 2558 562 2632 ὁμοίως
609 2559 671 2614 δὲ
719 2560 1099 2637 δειχθήσεται,
1147 2560 1238 2616 καὶ
1286 2559 1385 2616 ἐὰν
1434 2557 1467 2630 ἡ
1508 2564 1680 2616 ΑΒΓ
1710 2561 1938 2633 γραμμὴ

240 2653 337 2722 τῆς
376 2647 758 2720 ἀντικειμένης
797 2648 1119 2720 ἐφάπτηται.

367 2847 436 2888 15.
469 2841 572 2903 μιᾷ]
599 2857 645 2899 p,
673 2855 761 2886 om.
782 2841 837 2886 V.
963 2846 1031 2884 19.
1065 2841 1121 2899 A]
1147 2856 1192 2897 p,
1219 2840 1309 2884 del.
1335 2839 1521 2896 punctis
1545 2839 1607 2895 V;
1642 2842 1684 2883 K
1709 2852 1747 2894 0,
1781 2853 1869 2883 om.
1889 2854 1934 2884 v.

304 2905 375 2945 20.
408 2897 494 2957 τὴν
526 2901 582 2958 Β]
615 2900 670 2958 τῇ
703 2901 797 2943 ΝΒ
830 2898 892 2954 V;
930 2896 1016 2956 τὴν
1050 2903 1141 2943 ΒΓ
1167 2915 1218 2956 p3
1254 2912 1368 2944 corr.
1395 2899 1587 2943 Memus.
1741 2901 1810 2942 24.
1844 2895 1934 2955 μή]

246 2974 335 3005 om.
361 2959 463 3016 Vp3
499 2973 614 3004 corr.
647 2960 841 3004 Memus.
