2020 3236
448 164 698 206 EUTocn
730 164 1165 206 COMMENTARIA
1195 165 1260 207 IN
1292 164 1527 207 coch.
1708 160 1814 213 357

249 281 432 351 itaque
472 300 562 334 eos
605 281 843 335 studiose
874 283 1021 352 legas
1053 283 1231 351 uelim,
1270 285 1324 335 et
1355 283 1400 335 si
1433 281 1818 351 concupiueriS,

135 369 375 438 reliquos
432 370 595 422 etiam
651 369 719 422 ad
774 369 914 422 hanc
967 372 1198 422 formam
1246 389 1277 422 a
1319 388 1404 423 me
1443 371 1662 439 exponi,
1716 370 1817 423 hoc

138 476 348 528 quoque
389 457 486 510 deo
528 457 657 510 duce
696 457 804 509 fiet.
880 459 1013 511 uale.

647 602 862 656 Aliter
899 623 1073 673 prop.
1113 603 1311 657 XXIV.

250 705 372 760 Sint
403 709 639 776 ΕΑΒΓ,
675 709 909 759 ΔΑΒΓ
942 708 1219 775 sectioneS,
1259 708 1442 776 quales
1483 706 1728 773 diximuS,
1769 710 1821 758 et

46 862 52 870 J
140 795 364 848 ducatur
417 795 690 864 quaelibet
742 797 890 847 recta
937 799 991 846 A
1001 796 1118 864 ΕΓ,
1170 813 1264 863 per
1311 800 1364 847 A
1419 797 1597 847 autem
1643 797 1820 847 rectae

42 879 55 940 ;s
138 885 311 935 ΔΕΓ
342 883 602 952 parallela
641 883 864 935 ducatur
901 885 1024 934 ΑΘ.

39 956 46 965 ”
252 990 315 1024 ea
352 971 521 1040 igitur
561 971 608 1023 si
645 971 792 1022 intra
831 970 1094 1022 sectiones
1135 970 1299 1038 cadit,
1339 969 1727 1023 demonstratio
1765 969 1823 1021 in

12 1065 15 1068 ’
52 1067 55 1080 ”
142 1060 322 1112 uerbis
366 1057 648 1128 Apollonii
694 1058 976 1128 proposita
1023 1061 1152 1127 apta
1199 1058 1323 1128 erit3
1371 1058 1453 1110 sin
1499 1058 1556 1110 in
1602 1062 1654 1109 A
1701 1074 1823 1109 con-

139 1148 328 1218 tingit,
373 1149 657 1215 utramque
698 1145 991 1199 sectionem
1031 1147 1326 1214 continget,
1366 1149 1419 1198 et
1458 1164 1520 1198 ea
1559 1145 1623 1197 de
1663 1162 1824 1197 causa

44 1231 53 1243 ⁹
142 1235 434 1288 diametrus
497 1236 564 1287 ab
620 1238 673 1286 A
727 1234 887 1286 ducta
940 1234 1160 1285 alterius
1216 1233 1469 1286 sectionis
1526 1234 1687 1285 etiam
1741 1250 1824 1285 re-

140 1324 320 1392 liquae
368 1323 662 1375 diametrus
710 1321 826 1373 erit.
911 1338 1038 1390 ergo
1086 1322 1143 1373 in
1191 1324 1236 1372 Z
1283 1323 1335 1373 et
1379 1323 1483 1373 ΓΔ
1531 1324 1583 1373 et
1621 1322 1733 1373 ΕΓ
1767 1321 1824 1372 in

50 1427 52 1429 ·
139 1410 296 1464 binas
343 1413 526 1480 partes
575 1412 720 1462 secat
768 1408 818 1474 [I
855 1409 956 1461 def.
989 1409 1073 1479 4];
1122 1409 1263 1477 quod
1309 1408 1428 1461 fieri
1472 1426 1582 1461 non
1628 1410 1824 1478 potest.

764 1555 978 1607 Aliter
1016 1554 1195 1607 idem.

256 1658 376 1713 Sint
407 1659 641 1725 ΕΑΒΓ,
679 1659 915 1709 ΔΑΒΓ
946 1658 1226 1726 sectioneS‚
1267 1657 1451 1726 quales
1488 1657 1733 1726 diximUS‚
1772 1659 1827 1711 et

144 1748 202 1800 in
241 1749 412 1800 ΑΒΓ
452 1745 723 1799 communi
771 1764 954 1798 earum
1001 1748 1152 1815 parte
1192 1748 1448 1814 punctum
1489 1746 1704 1814 aliquod
1743 1763 1826 1798 su-

714 1837 893 1886 matur
932 1837 1002 1902 Β,
1054 1834 1383 1903 ducaturque
1421 1837 1529 1885 AB
1578 1839 1633 1887 et
1677 1834 1734 1885 in
1780 1836 1825 1885 Z

713 1922 772 1973 in
803 1922 935 1975 duas
975 1924 1155 1990 partes
1189 1923 1436 1990 aequales
1469 1924 1691 1989 secetur,
1729 1939 1826 1991 per

236 1927 423 2219 f
442 2007 465 2032 ¹
716 2012 760 2059 Z
785 2012 966 2061 autem
991 2009 1282 2061 diametrus
1308 2009 1533 2061 ducatur
1556 2012 1740 2078 ΗΖΘ,
1772 2012 1826 2061 et

235 2024 505 2351 b
714 2113 809 2162 per
849 2098 902 2147 Γ
932 2099 1109 2148 rectae
1151 2099 1259 2147 AB
1305 2096 1564 2163 parallela
1604 2097 1826 2149 ducatur

717 2185 887 2235 ΓΔΕ.

220 2250 267 2369 ι
829 2271 1083 2338 quoniam
1109 2270 1278 2339 igitur
1302 2270 1593 2323 diametrus
1619 2274 1702 2323 est
1723 2274 1824 2323 ΖΘ

161 2356 217 2396 JJ
231 2266 601 2540 x«
717 2360 770 2408 et
800 2360 1003 2409 rectam
1029 2360 1137 2408 AB
1168 2358 1224 2409 in
1257 2358 1387 2410 duas
1420 2362 1603 2426 partes
1631 2377 1825 2428 aequa-

259 2464 300 2502 B
716 2445 792 2496 les
849 2448 1018 2512 secat,
1079 2449 1188 2496 AB
1243 2445 1486 2498 ordinate
1538 2446 1698 2499 ducta
1744 2449 1827 2499 est

607 2516 656 2555 Γ
720 2530 767 2597 [Ι
799 2531 899 2583 def.
928 2532 1002 2597 4].
1065 2536 1119 2584 et
1149 2533 1198 2584 ei
1235 2533 1498 2600 parallela
1537 2535 1621 2585 est
1651 2535 1753 2584 ΓΔ
1766 2537 1825 2587 Ε.

21 2612 43 2666 ’ῗῑ
147 2619 328 2687 itaque
359 2620 416 2671 in
442 2623 489 2672 Θ
518 2620 575 2671 in
607 2619 761 2671 binas
793 2621 974 2686 partes
1008 2620 1257 2688 aequales
1290 2623 1434 2672 secta
1459 2622 1540 2672 est
1566 2620 1615 2688 [I
1640 2620 1738 2672 def.
1763 2621 1822 2686 4]

145 2707 203 2758 in
243 2709 470 2758 ΕΑΒΓ
509 2708 740 2760 sectione
772 2709 890 2775 ΕΓ,
927 2707 984 2758 in
1022 2709 1256 2759 ΔΑΒΓ
1292 2710 1470 2760 autem
1505 2710 1626 2760 ΔΓ.
1695 2724 1824 2776 ergo

147 2797 244 2845 ΕΘ
269 2819 337 2836 =
363 2798 495 2864 ΘΔ,
527 2795 666 2862 quod
705 2795 820 2846 fieri
858 2812 967 2847 non
1007 2797 1202 2863 potest.

264 2922 364 2979 Fig.
397 2937 486 2967 om.
518 2924 632 2979 Wp.
