2046 3224
251 154 338 199 XX
874 154 1339 198 PROLEGOMENA.

252 272 302 317 in
333 286 388 318 eo
413 271 570 329 priore
594 272 698 317 loeo
723 287 816 318 non
846 269 966 329 πρὸς
995 270 1164 333 ἔκπλῳ,
1196 272 1280 318 sed
1306 269 1381 317 ἔκ·
1406 274 1592 318 tantum
1618 271 1842 318 omissum
1865 277 1955 328 est,

253 337 398 384 tertio
429 353 524 384 non
557 337 755 397 ἔσχατον
787 335 918 395 ἐπε-,
959 339 1043 384 sed
1075 337 1138 391 ὡς
1170 338 1380 397 ἔσχατον.
1442 355 1489 397 Ρ.
1522 343 1565 396 2,
1600 343 1655 384 15
1685 342 1796 396 post
1825 340 1954 384 lacu-

253 419 366 449 nam
397 405 597 450 alteram
627 405 679 450 in
710 405 811 450 cod.
832 411 886 450 16
918 405 1093 463 legitur
1122 403 1339 463 θάροινες
1371 407 1585 463 (corium.
1603 407 1649 463 2)
1683 408 1800 464 etp.
1825 410 1868 462 4,
1896 410 1954 450 25

254 475 364 529 post
396 471 449 517 δέ
482 473 672 517 additur
701 474 825 526 περί.
887 472 983 517 iam
1016 487 1121 517 cum
1155 474 1346 518 eaedem
1387 471 1645 529 scripturae
1683 472 1733 517 in
1763 473 1864 518 cod.
1897 476 1955 517 20

255 538 572 594 inueniantur,
603 539 728 583 inter
753 540 793 584 V
828 541 876 583 et
908 540 1040 585 codd.
1070 544 1139 596 16,
1172 544 1230 585 20
1262 554 1406 584 unum
1437 538 1599 584 saltim
1630 540 1957 598 apographum

255 604 529 660 intercedit;
577 619 728 662 neque
768 606 890 650 enim
934 607 1056 650 alter
1089 619 1145 650 ex
1175 607 1326 651 altero
1359 606 1619 663 descriptus
1651 618 1754 651 esse
1784 608 1957 664 potest,

257 671 369 727 quia
401 671 503 716 cod.
536 676 594 718 20
627 687 670 729 p.
706 677 747 728 2,
783 677 837 717 15
871 671 943 717 ἔκ,
981 674 1133 718 solum
1167 671 1348 717 omittit
1379 675 1427 717 et
1457 687 1503 730 p.
1538 677 1579 730 2,
1614 677 1668 717 17
1700 686 1787 730 pro
1821 670 1959 730 ἔσχα-

256 754 339 783 τον
372 735 734 796 ἒπελευσόμενοι
772 739 918 784 habet
950 736 1057 783 ἐδια
1087 739 1171 784 τὸν
1203 735 1576 796 ἕτελευσόμενοις
1623 740 1873 796 praeterea
1908 739 1960 784 in

258 805 359 850 cod.
395 809 451 849 16
492 805 717 863 opuscula
757 805 917 850 Sereni
956 804 1261 862 inscriptione
1301 808 1483 861 carent,
1529 806 1580 850 in
1620 805 1720 850 cod.
1755 809 1812 850 20
1843 818 1957 850 uero

258 869 577 916 inscribuntur
624 871 797 929 σερήνη
836 873 944 929 περὶ
983 875 1236 929 κυλίνδρου
1275 878 1419 930 τομῆς
1465 875 1514 918 et
1559 870 1761 930 σερήνου
1801 868 1961 917 ἀντιν-

260 935 377 990 σέως
424 936 689 995 φιλοσόφου
737 939 843 995 περὶ
889 940 1141 996 κυλίνδρου
1181 945 1339 997 τομῆς.
1417 938 1527 984 hinc
1567 938 1710 983 simul
1751 939 1960 997 adparet,

83 1005 367 1050 Norimb.cod.
394 1010 451 1050 20
484 1019 509 1050 e
541 1007 644 1050 cod.
671 1011 698 1050 6
731 1006 1017 1063 descriptum
1041 1020 1136 1051 non
1161 1019 1276 1062 esse,
1309 1005 1431 1061 quod
1457 1005 1819 1063 exspectaueris,
1851 1005 1963 1062 quia

101 1061 200 1092 cent.
213 1059 249 1091 V

104 1114 191 1144 app.
217 1105 238 1136 6

262 1072 625 1129 Regiomontani
664 1072 773 1127 fuit3
823 1071 891 1118 ibi
932 1071 1058 1117 enim
1098 1072 1251 1117 libelli
1290 1072 1364 1116 illi
1402 1071 1722 1118 inscribuntur
1760 1070 1961 1130 σερήνου

278 1135 291 1150 5

262 1138 518 1190 αντινσέως
550 1137 815 1195 φιλοσόφου
850 1140 960 1197 περὶ
992 1141 1245 1196 κυλίνδρου
1277 1145 1421 1196 τομῆς
1453 1142 1529 1182 ἇον
1568 1143 1617 1184 et
1647 1137 1848 1197 σερήνου
1880 1135 1963 1183 οἷν-

261 1210 452 1264 τινσέως
484 1211 750 1270 φιλοσόφου
783 1214 891 1268 περὶ
925 1215 1195 1270 κυλίνδρου,
1207 1211 1381 1272 (κώνου
1414 1212 1683 1270 Bessarion)
1714 1219 1860 1271 τομῆς
1891 1202 1965 1272 ᾖον

262 1278 372 1335 (del.
405 1278 695 1335 Bessarion);
742 1280 793 1324 in
823 1281 866 1324 V
908 1279 1038 1337 prior
1075 1279 1265 1325 libellus
1303 1279 1577 1324 inscribitur
1616 1278 1817 1337 σερήνου
1857 1279 1965 1335 περὶ

263 1347 516 1404 κυλίνδρου
555 1352 720 1403 τομῆς,
768 1346 890 1390 alter
928 1346 1286 1405 inscriptionem
1326 1360 1419 1391 non
1458 1346 1625 1403 habet,
1674 1346 1756 1390 sed
1793 1346 1844 1390 in
1873 1346 1965 1390 fine

264 1412 432 1470 prioris
480 1412 656 1470 legitur
703 1412 903 1470 σερήνου
950 1410 1204 1464 ἄντισσέως
1247 1411 1511 1470 φιλοσόφου
1559 1411 1668 1468 περὶ
1713 1414 1964 1469 κυλίνδρου

265 1485 430 1536 τομῆς;
449 1505 520 1535 -,
556 1493 698 1535 quam
733 1479 1124 1537 subscriptionem
1154 1480 1205 1524 in
1234 1479 1430 1524 titulum
1462 1478 1659 1524 alterius
1684 1479 1838 1535 operis
1865 1493 1966 1523 mu-

266 1553 394 1598 tauit
430 1566 599 1597 manus
638 1567 801 1598 recens
841 1552 1004 1598 addito
1043 1553 1093 1597 in
1133 1554 1224 1598 fine
1263 1550 1315 1598 τὸ
1353 1542 1384 1613 ᾗ
1420 1554 1470 1597 et
1508 1554 1619 1597 ante
1655 1566 1760 1597 eam
1791 1551 1970 1598 inserto

268 1618 399 1671 τέλος
438 1620 523 1664 τοῦ
556 1623 600 1665 ἆ.
666 1634 771 1664 cum
804 1621 904 1665 cod.
931 1624 988 1664 20
1022 1621 1127 1663 arta
1157 1620 1502 1665 necessitudine
1536 1618 1835 1665 coniunctum
1868 1633 1968 1665 esse

92 1696 348 1729 Taur.B114
382 1687 483 1731 cod.
510 1692 559 1742 9,
590 1686 699 1731 inde
732 1686 946 1744 adparet,
980 1687 1105 1743 quod
1137 1702 1181 1743 p.
1208 1691 1252 1742 2,
1286 1691 1340 1730 17
1376 1684 1483 1731 ἔδια
1507 1685 1589 1731 τὸν
1615 1682 1968 1744 ἐτελουσόμενοι

267 1752 466 1811 praebet
502 1754 564 1811 (p.
598 1759 641 1809 2,
676 1758 731 1797 15
774 1752 848 1798 ἔκ-
890 1755 939 1797 et
978 1749 1033 1797 οὐ
1068 1755 1235 1798 διακα-
1274 1752 1325 1797 in
1363 1753 1533 1798 lacuna
1562 1754 1691 1810 om.),
1741 1753 1825 1797 sed
1863 1767 1969 1798 cum

268 1834 314 1877 p.
333 1823 375 1875 4,
401 1824 457 1864 25
489 1822 605 1879 περί
629 1833 724 1864 non
747 1819 937 1876 habeat,
971 1821 1134 1864 neuter
1159 1833 1215 1864 ex
1239 1821 1390 1865 altero
1415 1819 1678 1876 descriptus
1709 1821 1802 1876 est,
1833 1833 1968 1877 prae·

269 1888 403 1931 terea
432 1903 478 1944 p.
511 1892 554 1940 4,
589 1892 643 1932 13
675 1901 760 1944 pro
793 1887 1075 1943 συνείδομεν
1108 1888 1210 1933 cod.
1244 1892 1270 1931 9
1305 1888 1444 1931 συνοί
1467 1886 1626 1931 habet.

389 1952 511 1997 nihil
540 1953 688 2011 igitur
718 1953 1020 2010 relinquitur,
1066 1953 1160 1997 nisi
1195 1955 1249 1998 ut
1277 1957 1516 2010 putemus,
1565 1952 1698 1997 codd.
1732 1957 1775 2008 9,
1809 1957 1879 2008 16,
1911 1955 1968 1996 20

271 2034 327 2065 ex
359 2020 525 2064 eodem
557 2020 830 2078 apographo
863 2019 1039 2064 codicis
1065 2020 1104 2064 V
1139 2019 1397 2076 descriptos
1430 2033 1546 2075 esse,
1578 2019 1627 2062 in
1659 2033 1753 2075 quo
1785 2031 1815 2062 a
1842 2018 1967 2075 prin-

273 2085 397 2143 cipio
430 2087 605 2132 omissa
636 2089 792 2132 essent
821 2101 867 2142 p.
894 2092 936 2143 2,
967 2091 1022 2131 15
1053 2087 1170 2143 πρὸς
1204 2085 1356 2146 ἔκπλῳ
1389 2087 1438 2129 et
1470 2082 1525 2130 οὐ
1558 2087 1741 2141 διακα-,
1771 2100 1816 2142 Ρ.
1842 2089 1886 2142 2,
1912 2089 1967 2130 17

274 2150 472 2209 ἔσχατον
498 2149 602 2198 ἐπε-
636 2156 685 2198 et
715 2168 762 2211 p.
779 2157 821 2209 4,
847 2158 903 2197 25
928 2153 978 2197 in
1002 2169 1095 2211 mg.
1121 2153 1413 2213 adscriptum
1435 2153 1559 2210 περί,
1589 2153 1757 2210 postea
1779 2166 1824 2208 Ρ.
1843 2156 1886 2208 2,
1914 2156 1967 2196 15

273 2216 393 2275 πρὸς
442 2224 541 2265 πλω
576 2222 625 2265 et
655 2236 702 2278 p.
735 2225 777 2275 2,
813 2224 866 2264 17
908 2233 1060 2265 errore
1100 2219 1289 2278 legendi
1323 2215 1430 2264 ἐδια
1467 2216 1550 2264 τὸν
1590 2215 1690 2264 ἐτε-
1737 2217 1968 2275 suppleta,

272 2285 469 2331 fortasse
501 2301 558 2332 ex
587 2287 691 2345 ipso
722 2286 778 2332 V.

95 2361 245 2394 Monac.
263 2360 329 2393 576
454 2356 730 2411 apographa
761 2352 935 2398 codicis
961 2357 1018 2397 20
1051 2355 1161 2397 sunt
1191 2353 1325 2397 codd.
1351 2357 1405 2396 19
1439 2353 1488 2396 et
1513 2357 1584 2406 24,
1616 2353 1671 2397 ut
1700 2353 1790 2397 hae
1824 2351 1967 2408 scrip-

101 2412 299 2454 UpsaL48
367 2421 502 2464 turae
535 2420 810 2464 ostendunt:
850 2435 895 2476 p.
930 2424 972 2475 2,
1005 2425 1033 2462 4
1067 2417 1186 2477 ἔχοι]
1221 2417 1317 2475 ἔχει
1351 2423 1421 2474 19,
1454 2423 1526 2475 20,
1559 2423 1637 2472 24;
1676 2432 1723 2475 Ρ.
1755 2422 1799 2473 2,
1833 2422 1860 2462 8
1894 2414 1971 2462 εὖ·

275 2482 627 2544 αρεστήσωμεν]
661 2482 1039 2543 εὖαρεστήσομεν
1076 2490 1143 2541 19,
1178 2489 1251 2540 20,
1283 2490 1361 2539 24;
1394 2500 1439 2542 p.
1473 2490 1515 2539 2,
1552 2489 1608 2529 15
1640 2481 1697 2529 οὖ
1729 2481 1972 2529 διακαθά-

277 2553 464 2610 ραντες]
503 2548 720 2609 θάροινες
754 2558 822 2609 19,
856 2558 928 2608 20,
962 2557 1037 2606 24ς
1088 2567 1134 2608 Ρ.
1168 2557 1216 2608 2,
1253 2557 1306 2596 17
1351 2549 1548 2608 ἔσχατον
1586 2547 1967 2610 ἕπελευσόμενοι]

277 2613 385 2662 ἐδια
429 2622 477 2674 (α
508 2618 580 2663 ita
613 2619 860 2676 scriptum,
900 2621 953 2663 ut
990 2617 1182 2662 litterae
1215 2635 1250 2661 ω
1286 2616 1438 2662 simile
1469 2617 1570 2674 fiat>
1607 2613 1693 2662 τὸν
1732 2613 1970 2663 ἔτελευσό-

277 2700 414 2742 μενοι
445 2689 518 2740 20,
552 2681 662 2729 ἐδιω
695 2682 780 2729 τὸν
814 2680 1168 2741 ἔτελευσόμενοι
1202 2687 1272 2741 19,
1297 2688 1375 2738 24,
1414 2698 1460 2740 Ρ.
1486 2689 1527 2739 4,
1562 2689 1588 2728 6
1619 2679 1817 2742 ἄξονας]
1850 2679 1969 2738 ἄξω-

278 2767 366 2803 νας
398 2756 468 2808 19,
494 2755 566 2806 20,
591 2756 670 2807 24;
702 2766 747 2808 Ρ.
773 2757 815 2806 4,
849 2755 906 2795 25
939 2748 1014 2809 δέ]
1049 2748 1101 2795 δὲ
1134 2750 1247 2807 περί
1277 2755 1345 2806 19,
1370 2753 1442 2804 20,
1467 2754 1538 2794 24.
1601 2752 1820 2795 neutrum
1843 2750 1969 2795 enim

280 2832 337 2861 ex
368 2819 520 2863 altero
553 2816 841 2874 descriptum
874 2830 997 2871 esse,
1036 2817 1086 2860 hi
1125 2817 1220 2861 loci
1256 2817 1602 2860 demonstrant:
1650 2831 1694 2873 p.
1728 2821 1770 2872 4,
1804 2821 1831 2861 5
1862 2814 1968 2876 τοὶς]

278 2884 389 2935 τούς
421 2884 699 2942 compendio
733 2888 802 2940 19,
835 2887 916 2940 20,
953 2882 1039 2933 τοὶς
1069 2896 1184 2927 corr.
1217 2896 1274 2926 ex
1304 2882 1388 2926 τοῦ
1419 2883 1497 2926 uel
1528 2883 1621 2926 τῶν
1652 2887 1732 2938 24;
1778 2898 1824 2941 Ρ.
1857 2887 1906 2940 4,
1940 2889 1966 2928 9

279 2950 428 3008 καλῶ]
457 2955 526 3007 19,
550 2955 676 2995 καλῶ
703 2965 798 3007 seq.
823 2964 913 2996 raS.
942 2955 964 2994 1
991 2948 1085 2995 litt.
1105 2954 1175 3005 20,
1204 2950 1356 3000 καλῶς
1379 2953 1458 3003 24;
1490 2963 1535 3005 Ρ.
1553 2953 1596 3004 4,
1623 2953 1675 2993 11
1701 2948 1774 3008 τε]
1802 2954 1870 3007 19,
1896 2955 1966 3006 20,
