2046 3256
357 191 528 232 PAPPI
556 190 848 232 LEMMATA
878 190 944 232 IN
977 187 1171 231 CONIC.
1203 189 1315 231 LIB.
1349 187 1508 228 I-IV.
1674 183 1776 236 147

20 302 38 363 ῗ
93 312 196 366 τοῦ
233 308 359 380 περὶ
396 307 629 379 κέντρον
668 303 730 360 τὸ
765 311 835 376 Κ,
875 305 1159 360 τουτέστιν
1191 306 1292 359 τοῦ
1323 303 1447 374 περὶ
1481 300 1780 374 διάμετρον

20 452 22 455 ,
91 395 196 469 τὴν
235 402 355 452 ΑΓ.

202 499 264 556 ε’.
318 504 476 571 Τρεῖς
506 497 848 571 παράλληλοι
881 498 942 551 αἱ
962 502 1090 566 ΑΒ,
1116 501 1236 565 ΓΑ,
1263 501 1383 564 ΕΖ,
1413 494 1504 549 καὶ
1538 495 1779 564 διήχθω-

91 604 196 644 σαν
243 591 319 654 εἰς
365 585 537 652 αὐτὰς
586 585 689 641 δύο
738 583 956 641 εὐθεῖαι
1005 587 1068 639 αἱ
1101 589 1346 652 ΑΗΖΓ,
1379 587 1636 637 ΒΗΕΔ·
1692 579 1778 636 ὅτι

30 693 40 738 ξ,
89 681 317 748 γίνεται,
358 677 431 740 ὡς
467 673 530 730 τὸ
569 672 678 729 ὑπὸ
714 679 840 743 ΑΒ,
873 677 977 727 ΕΖ
1017 671 1157 744 πρὸς
1193 669 1257 728 τὸ
1298 669 1404 726 ἀπὸ
1438 675 1560 739 ΓΔ,
1601 669 1778 733 οὕτως
1839 682 1864 723 5

90 763 151 820 τὸ
191 761 299 820 ὑπὸ
345 768 511 818 ΑΗΖ
550 759 688 833 πρὸς
724 760 786 818 τὸ
828 759 935 816 ἀπὸ
977 765 1096 815 ΗΓ
1127 759 1492 831 τετράγωνον.

201 852 316 908 ἐπεὶ
355 852 461 924 γάρ
503 852 652 906 ἐστιν
696 852 871 919 [Eucl.
902 851 1005 920 VI,
1034 852 1120 918 4]‚
1169 850 1242 913 ὡς
1281 844 1314 917 ἡ
1349 853 1456 901 ΑΒ
1495 844 1634 918 πρὸς
1671 844 1774 915 τὴν

91 946 212 1011 ΖΕ,
251 941 535 995 τουτέστιν
576 942 649 1004 ὡς
686 940 747 994 τὸ
787 935 896 992 ὑπὸ
935 943 1060 1006 ΑΒ,
1095 942 1199 990 ΖΕ
1234 934 1372 1006 πρὸς
1408 936 1470 990 τὸ
1514 931 1620 989 ἀπὸ
1654 940 1775 1003 ΖΕ,

973 1023 1149 1090 οὕτως
1172 1022 1205 1095 ἡ
1230 1029 1353 1078 ΑΗ
1370 1021 1507 1093 πρὸς
1528 1021 1630 1092 τὴν
1645 1028 1773 1092 ΗΖ,

971 1114 1254 1169 τουτέστιν
1308 1109 1369 1166 τὸ
1425 1108 1536 1166 ὑπὸ
1592 1116 1772 1165 ΑΗΖ
1809 1122 1862 1162 10

971 1200 1110 1273 πρὸς
1147 1201 1207 1255 τὸ
1242 1197 1349 1254 ἀπὸ
1383 1204 1517 1268 ΗΖ,
1557 1201 1631 1263 ὡς
1666 1197 1774 1270 ἄρα

818 1307 853 1346 Δ
971 1289 1033 1344 τὸ
1076 1286 1183 1344 ὑπὸ
1225 1294 1352 1357 ΑΒ,
1387 1293 1492 1341 ΖΕ
1534 1285 1672 1357 πρὸς
1710 1286 1771 1340 τὸ

881 1408 930 1445 B
972 1375 1080 1432 ἀπὸ
1134 1382 1261 1446 ΖΕ,
1318 1376 1495 1439 οὕτως
1548 1376 1609 1429 τὸ
1664 1371 1773 1429 ὑπὸ

971 1470 1147 1519 ΑΗΖ
1203 1463 1341 1535 πρὸς
1384 1462 1447 1517 τὸ
1496 1462 1601 1517 ἀπὸ
1645 1467 1772 1516 ΗΖ.

35 1561 40 1582 ²
90 1553 227 1611 ἀλλὰ
257 1556 350 1611 καὶ
382 1557 455 1620 ὡς
487 1555 547 1611 τὸ
579 1553 687 1610 ἀπὸ
722 1561 829 1609 ΖΕ
863 1555 1003 1624 πρὸς
1033 1551 1095 1608 τὸ
1129 1550 1235 1607 ἀπὸ
1262 1556 1383 1619 ΓΛ,
1416 1549 1593 1615 οὕτως
1625 1550 1772 1605 ἐστὶν
1810 1562 1861 1603 15

49 1717 54 1722 ι
87 1642 150 1699 τὸ
176 1643 285 1699 ἀπὸ
313 1649 429 1698 ΖΗ
454 1642 592 1714 πρὸς
616 1641 678 1699 τὸ
706 1640 811 1699 ἀπὸ
839 1647 958 1697 ΗΓ
984 1643 1156 1709 [Eucl.
1176 1641 1368 1711 VI‚4]‘
1419 1637 1491 1694 δι’
1515 1645 1641 1693 ἴσου
1667 1636 1774 1707 ἄρα

90 1733 255 1803 ἐστίν,
296 1735 369 1797 ὡς
399 1732 460 1787 τὸ
499 1730 608 1787 ὑπὸ
640 1737 769 1800 ΑΒ,
803 1735 909 1784 ΖΕ
946 1728 1086 1802 πρὸς
1123 1727 1185 1783 τὸ
1228 1725 1333 1782 ἀπὸ
1367 1731 1470 1781 ΓΔ
1507 1726 1774 1797 τετράγω-

15 1851 31 1884 3„
95 1841 211 1890 νον,
244 1818 420 1885 οὕτως
449 1820 511 1875 τὸ
539 1816 647 1874 ὑπὸ
674 1824 848 1873 ΑΗΖ
879 1816 1015 1887 πρὸς
1045 1817 1108 1871 τὸ
1134 1814 1242 1871 ἀπὸ
1268 1820 1385 1870 ΗΓ
1408 1814 1774 1885 τετράγωνον.

20 1893 37 2051 ὶ
202 1921 271 1982 ς’.
308 1921 514 1992 ’Ἑστω,
556 1925 629 1987 ὡς
667 1920 700 1992 ἡ
741 1927 849 1976 ΑΒ
890 1922 1027 1991 πρὸς
1063 1918 1166 1991 τὴν
1206 1923 1324 1988 ΒΓ,
1374 1916 1550 1983 οὕτως
1587 1919 1620 1989 ἡ
1658 1923 1774 1972 ΑΔ

90 2010 227 2081 πρὸς
264 2010 366 2081 τὴν
406 2015 533 2079 ΔΓ,
580 2010 671 2065 καὶ
709 2008 1001 2080 τετμήσθω
1042 2004 1075 2078 ἡ
1116 2012 1229 2062 ΑΓ
1270 2009 1396 2077 δίχα
1441 2004 1579 2059 κατὰ
1624 2004 1686 2059 τὸ
1724 2012 1775 2059 Ε
1803 2017 1859 2057 20

90 2110 341 2170 σημεῖον·
389 2096 474 2153 ὅτι
513 2102 724 2168 γίνεται
770 2095 832 2152 τὸ
874 2095 974 2167 μὲν
1013 2093 1121 2150 ὑπὸ
1165 2101 1336 2150 ΒΕΔ
1383 2100 1507 2148 ἴσον
1546 2096 1621 2167 τῷ
1663 2090 1769 2147 ἀπὸ

88 2191 208 2256 ΕΓ,
246 2186 308 2242 τὸ
352 2187 413 2241 δὲ
449 2183 557 2240 ὑπὸ
592 2190 769 2240 ΑΛΓ
801 2192 875 2259 τῷ
909 2181 1016 2238 ὑπὸ
1051 2189 1239 2251 ΒΑΕ,
1279 2180 1341 2236 τὸ
1377 2181 1438 2235 δὲ
1468 2178 1576 2235 ὑπὸ
1608 2186 1780 2234 ΑΒΓ

86 2277 160 2350 τῷ
198 2272 306 2330 ὑπὸ
349 2279 531 2329 ΕΒΔ.

340 2381 374 2419 Α
739 2376 780 2417 Ε
1011 2377 1052 2444 4
1173 2374 1217 2414 Γ
1486 2374 1522 2412 Β

353 2434 763 2463 1———-—-1
1187 2429 1193 2458 ἲ
1505 2429 1510 2458 1

199 2509 314 2563 ἐπεὶ
359 2509 465 2579 γάρ
514 2509 686 2576 ἐστιν,
743 2509 816 2570 ὡς
861 2505 892 2575 ἡ
936 2510 1044 2558 AB
1091 2503 1230 2576 πρὸς
1272 2501 1373 2573 τὴν
1414 2507 1540 2572 ΒΓ,
1597 2501 1770 2566 οὕτως

88 2593 122 2666 ἡ
169 2603 285 2650 ΑΔ
338 2595 477 2668 πρὸς
521 2594 623 2666 τὴν
673 2599 800 2662 ΔΓ,
857 2592 1123 2647 συνθέντι
1177 2591 1269 2645 καὶ
1322 2591 1388 2644 τὰ
1436 2587 1605 2660 ἡμίση
1655 2593 1766 2644 τῶν
1799 2600 1854 2640 25

89 2680 415 2755 ἡγουμένων
461 2684 553 2737 καὶ
601 2680 1014 2753 ἄναστρέψαντί
1058 2681 1234 2747 ἐστιν,
1290 2680 1363 2742 ὡς
1409 2676 1442 2747 ἡ
1483 2683 1590 2731 ΒΕ
1634 2676 1769 2744 πρὸς

42 2785 48 2790 ’
89 2769 190 2841 τὴν
214 2777 333 2841 ΕΓ,
367 2769 542 2835 οὕτως
573 2767 606 2840 ἡ
632 2775 738 2824 ΓΕ
765 2767 903 2840 πρὸς
933 2767 1034 2838 τὴν
1060 2773 1193 2821 ΕΔ·
1233 2764 1295 2821 τὸ
1328 2764 1434 2834 ἄρα
1466 2762 1573 2818 ὑπὸ
1599 2769 1769 2817 ΒΕΔ

90 2864 214 2914 ἴσον
254 2860 402 2914 ἐστὶν
434 2861 509 2934 τῷ
543 2857 648 2913 ἀπὸ
683 2862 789 2913 ΓΕ
823 2855 1161 2929 τετραγώνῳ.
1223 2852 1419 2908 κοινὸν
1452 2850 1765 2922 ἀφῃρήσθω

89 2943 151 3001 τὸ
192 2943 298 3001 ἀπὸ
342 2953 452 3001 ΕΛ
489 2945 860 3017 τετράγωνον·
912 2942 1109 2999 λοιπὸν
1152 2943 1324 3010 [Euel.
1357 2941 1426 3009 Π,
1458 2941 1514 3007 5]
1557 2939 1665 3009 ἄρα
1703 2936 1764 2992 τὸ

1413 3026 1500 3070 1οῂ
