2046 3256
182 1091 238 1132 10

181 1981 239 2021 20

182 2423 239 2464 25

214 1538 237 1576 5
270 1519 379 1578 ὑπὸ
429 1525 862 1595 συναμφοτέρου
907 1526 1005 1594 τῆς
1050 1528 1197 1593 ΔΗ,
1230 1527 1335 1577 ΕΖ
1388 1522 1481 1577 καὶ

273 131 379 183 150
741 129 1182 173 COMMENTARIA
1214 130 1498 183 ANTIQUA.

271 248 449 315 οὕτως
503 246 536 320 ἡ
592 253 703 304 ΒΑ
757 248 897 316 πρὸς
948 255 1087 303 ΑΔ·
1147 248 1492 319 παράλληλοι
1548 245 1657 320 ἄρα
1712 246 1857 304 εἰσὶν
1909 248 1973 304 αἱ

269 343 397 410 ΛΓ,
430 344 534 393 ΒΖ
575 340 747 406 [Euol.
780 338 982 410 V1,4].

384 456 441 512 ι’.
481 454 663 511 ’Έστω
703 460 983 529 τρίγωνον
1024 456 1126 528 μὲν
1167 457 1228 511 τὸ
1263 461 1446 527 ΑΒΓ,
1485 456 1777 528 τραπέζιον
1811 455 1872 511 δὲ
1903 452 1966 511 τὸ

272 551 531 615 ΔΕΖΗ,
588 543 730 601 ὥστε
778 551 907 616 ἴσην
956 543 1103 601 εἶναι
1141 543 1244 616 τὴν
1284 542 1394 600 ὑπὸ
1435 549 1607 600 ΑΒΓ
1651 548 1864 615 γωνίαν
1903 546 1970 618 τῇ

273 631 382 689 ὑπὸ
418 640 587 690 ΔΕΖ
621 639 819 708 γωνίᾳ·
862 631 948 690 ὅτι
987 638 1217 704 γίνεται,
1260 630 1335 698 ὡς
1374 632 1435 689 τὸ
1478 630 1589 690 ὑπὸ
1626 639 1799 690 ΑΒΓ
1829 632 1971 703 πρὸς

269 721 332 778 τὸ
366 720 476 778 ὑπὸ
508 723 941 794 συναμφοτέρου
971 725 1068 793 τῆς
1094 726 1232 793 ΔΗ,
1260 727 1364 776 ΕΖ
1396 722 1489 778 καὶ
1512 730 1609 793 τῆς
1630 727 1685 776 A
1695 728 1761 794 E,
1794 720 1971 788 οὕτως

269 812 334 868 τὸ
376 817 551 867 ΑΒΓ
581 812 723 884 πρὸς
758 809 822 867 τὸ
865 817 1111 866 ΔΕΖΗ.

381 899 652 972 ἤχθωσαν
691 900 923 956 κάθετοι
964 903 1026 955 αἱ
1059 906 1187 971 ΑΘ,
1220 905 1353 955 ΔΚ.
1425 899 1540 955 ἐπεὶ
1581 899 1645 955 δὲ
1684 906 1776 972 ἴση
1818 899 1970 955 ἐστὶν

269 987 303 1060 ἡ
346 988 449 1061 μὲν
489 987 598 1045 ὑπὸ
638 994 811 1045 ΑΒΓ
842 993 1021 1060 γωνία
1060 992 1126 1061 τῇ
1165 986 1277 1044 ὑπὸ
1313 994 1483 1044 ΔΕΖ
1523 993 1721 1062 γωνίᾳ,
1760 985 1795 1061 ἡ
1830 988 1892 1044 δὲ
1924 994 1972 1044 Θ

271 1076 418 1150 ὀρθὴ
458 1083 524 1152 τῇ
558 1083 616 1133 Κ
651 1077 799 1151 ὀρθῇ
841 1084 953 1149 ἴση,
993 1081 1146 1133 ἔστιν
1173 1076 1302 1148 ἄρα,
1344 1076 1417 1143 ὡς
1449 1074 1482 1148 ἡ
1516 1083 1627 1133 ΒΑ
1665 1075 1804 1149 πρὸς
1842 1083 1970 1148 ΑΘ,

270 1165 448 1234 οὕτως
490 1166 524 1239 ἡ
568 1173 681 1222 ΕΔ
728 1167 867 1238 πρὸς
909 1171 1028 1221 ΔΚ
1077 1169 1246 1235 [Euel.
1286 1169 1381 1237 VI,
1420 1169 1496 1236 4].
1580 1164 1703 1222 ἀλλ’
1748 1164 1823 1234 ὥς
1869 1165 1971 1238 μὲν

268 1253 302 1326 ἧ
344 1261 455 1311 BA
493 1255 634 1326 πρὸς
673 1262 807 1327 ΑΘ,
856 1254 1035 1322 οὕτως
1074 1256 1225 1312 ἐστὶν
1264 1256 1326 1312 τὸ
1368 1253 1479 1311 ὑπὸ
1731 1300 1785 1340 A

268 1349 441 1400 ΑΒΓ
488 1344 629 1417 πρὸς
674 1345 737 1401 τὸ
788 1343 897 1400 ὑπὸ
946 1350 1073 1415 ΑΘ,
1114 1350 1240 1415 ΒΓ,
1297 1342 1372 1410 ὡς
1420 1343 1482 1400 δὲ

268 1430 302 1504 ἡ
346 1440 461 1489 ΕΔ
498 1434 638 1508 πρὸς
676 1435 782 1507 τὴν
823 1439 967 1505 ΑΚ,
1010 1435 1189 1499 οὕτως
1228 1433 1378 1489 ἐστὶν
1417 1433 1478 1489 τὸ
1660 1352 1901 1574 AL

1606 1549 1654 1587 B
1895 1541 1952 1582 Γ

268 1614 366 1681 τῆς
392 1619 447 1666 A
458 1618 510 1666 E
535 1611 677 1685 πρὸς
704 1611 766 1667 τὸ
791 1609 901 1667 ὑπὸ
931 1611 1362 1683 συναμφοτέρου
1385 1614 1482 1682 τῆς
1646 1643 1692 1680 A
1836 1643 1887 1682 Il

271 1705 410 1770 AH,
444 1706 548 1755 ΕΖ
586 1701 679 1756 καὶ
718 1703 817 1772 τῆς
854 1706 987 1756 ΛΚ.
1056 1704 1155 1755 καί
1189 1701 1339 1755 ἐστιν
1378 1707 1482 1755 τοῦ
1615 1668 1852 1840 Δ]

270 1786 372 1859 μὲν
412 1786 521 1844 ὑπὸ
555 1795 683 1861 ΑΘ,
716 1795 825 1845 ΒΓ
857 1788 1030 1862 ἥμισυ
1069 1787 1132 1844 τὸ
1165 1793 1339 1843 ΑΒΓ
1369 1792 1479 1861 τρί-
1562 1817 1613 1850 E
1852 1811 1896 1852 Ζ

269 1898 484 1949 γωνον,
530 1881 634 1934 τοῦ
672 1878 734 1933 δὲ
768 1875 878 1933 ὑπὸ
913 1878 1344 1950 συναμφοτέρου
1382 1886 1480 1948 τῆς

274 1971 418 2037 ΔΗ,
452 1972 557 2021 ΕΖ
614 1966 707 2021 καὶ
752 1970 849 2037 τῆς
890 1972 1011 2021 ΔΚ
1053 1964 1226 2037 ἥμισυ
1268 1965 1332 2021 τὸ
1373 1971 1616 2021 ΔΕΖΗ
1654 1965 1970 2036 τραπέζιον·

272 2058 422 2109 ἔστιν
448 2055 574 2127 ἄρα,
608 2052 683 2120 ὡς
712 2055 775 2110 τὸ
808 2052 916 2110 ὑπὸ
943 2059 1116 2109 ΑΒΓ
1138 2052 1277 2126 πρὸς
1307 2055 1370 2109 τὸ
1405 2051 1513 2109 ὑπὸ
1538 2053 1971 2126 συναμφοτέρου

270 2146 368 2213 τῆς
408 2149 547 2215 ΔΗ,
580 2150 684 2199 ΕΖ
724 2143 814 2198 καὶ
854 2146 952 2215 τῆς
992 2150 1130 2214 ΔΕ,
1172 2141 1350 2208 οὕτως
1387 2144 1450 2198 τὸ
1490 2147 1663 2198 ΑΒΓ
1692 2147 1972 2214 τρίγωνον

271 2233 412 2303 πρὸς
449 2230 513 2287 τὸ
551 2238 789 2287 ΔΕΖΗ
826 2233 1132 2302 τραπέζιον.

384 2321 477 2375 καὶ
527 2322 625 2376 ἐὰν
673 2314 708 2393 ’ᾖ
758 2320 820 2376 δὲ
858 2325 1136 2392 τρίγωνον
1176 2318 1235 2376 τὸ
1278 2324 1452 2375 ΑΒΓ
1492 2319 1585 2374 καὶ
1621 2316 1970 2391 παραλληλό-

271 2432 529 2481 γραμμον
569 2408 630 2465 τὸ
663 2415 719 2463 A
730 2415 793 2479 Z,
832 2416 1064 2480 γίνεται,
1104 2406 1177 2475 ὡς
1215 2407 1278 2464 τὸ
1312 2412 1484 2463 ΑΒΓ
1514 2411 1795 2480 τρίγωνον
1825 2405 1967 2477 πρὸς

274 2497 337 2554 τὸ
378 2503 621 2553 ΔΕΖΗ
659 2497 1274 2570 παραλληλόγραμμον,
1330 2494 1508 2562 οὕτως
1553 2499 1615 2552 τὸ
1657 2493 1766 2551 ὑπὸ
1805 2497 1978 2550 ΑΒΓ

274 2590 412 2659 πρὸς
449 2589 511 2641 τὸ
554 2586 640 2651 δὶς
678 2583 787 2641 ὑπὸ
829 2592 1023 2657 ΔΕΖ,
1070 2584 1209 2641 κατὰ
1246 2583 1314 2640 τὰ
1355 2583 1510 2640 αὐτά.
1587 2584 1680 2640 καὶ
1719 2582 1969 2656 φανερὸν

276 2677 335 2731 ἐκ
373 2677 618 2744 τούτων,
659 2673 745 2730 ὅτι
783 2678 844 2730 τὸ
886 2674 987 2745 μὲν
1027 2672 1136 2730 ὑπὸ
1177 2678 1360 2745 ΑΒΓ,
1409 2673 1510 2729 ἐὰν
1549 2667 1584 2746 ᾗ
1623 2671 1971 2745 παραλληλό-

397 2873 436 2912 8.
471 2863 575 2911 ἐπεὶ
607 2858 692 2912 οὖν
727 2867 801 2921 ἴση
835 2865 954 2909 coni.
987 2864 1200 2909 Hultsch.
1302 2869 1373 2910 24.
1400 2891 1455 2897 —
1479 2880 1524 2922 p.
1546 2869 1644 2921 151,
1670 2863 1721 2922 4]
1752 2863 1970 2921 suspecta

276 2925 537 2972 Hultschio.
662 2930 732 2971 24.
767 2922 840 2983 δέ]
875 2924 964 2969 del.
997 2924 1210 2969 Hultsch.
1814 2955 1818 2957 Α
