2046 3256
144 1056 198 1096 10

143 1500 196 1538 15

141 1959 198 1999 20

139 2401 195 2441 25

241 121 346 175 160
707 124 1144 167 COMMENTARIA
1174 125 1455 178 ANTIQUA.

347 243 422 312 β’.
452 239 634 297 ’Ἑστω
669 240 774 297 δύο
805 246 1050 314 τρίγωνα
1081 239 1148 297 τὰ
1182 247 1364 314 ΑΒΓ,
1389 248 1558 299 ΔΕΖ
1589 250 1712 311 ἴσας
1736 248 1933 316 ἔχοντα

233 329 331 396 τὰς
363 338 432 401 Α,
465 337 520 385 Δ
557 335 782 401 γωνίας,
823 338 949 387 ἴσον
991 329 1052 386 δὲ
1092 335 1230 387 ἔστω
1269 330 1332 388 τὸ
1366 330 1476 388 ὑπὸ
1510 337 1674 388 ΒΑΓ
1704 337 1780 409 τῷ
1819 330 1929 389 ὑπὸ

234 425 426 474 ΕΔΖ·
468 420 551 475 ὅτι
590 419 684 474 καὶ
721 419 784 475 τὸ
823 424 1102 491 τρίγωνον
1141 423 1217 495 τῷ
1257 419 1514 495 τριγώνῳ
1555 422 1708 477 ἐστὶν
1743 429 1885 479 ἴσον.

344 507 614 579 ἤχθωσαν
660 507 892 564 κάθετοι
941 511 1004 563 αἰ
1046 513 1185 578 ΒΗ,
1219 515 1342 564 ΕΘ·
1399 513 1552 566 ἔστιν
1592 509 1725 581 ἄρα,
1773 508 1850 576 ὥς
1894 508 1930 582 ἡ

233 602 346 652 ΗΒ
386 596 526 666 πρὸς
564 595 666 668 τὴν
698 603 820 667 ΒΑ,
860 595 1037 662 οὕτως
1076 595 1108 668 ἡ
1143 603 1248 652 ΕΘ
1287 596 1426 667 πρὸς
1463 600 1568 670 τὴν
1602 605 1714 654 ΕΔ
1757 601 1930 668 [Eucl.

231 687 324 758 VI,
363 688 446 756 4]·
501 686 592 740 καὶ
641 683 715 751 ὡς
762 684 871 757 ἄρα
917 685 979 741 τὸ
1019 683 1129 741 ὑπὸ
1168 691 1303 757 ΒΗ,
1522 725 1576 771 A

231 780 347 830 ΑΓ
384 773 522 845 πρὸς
560 772 623 830 τὸ
663 772 772 830 ὑπὸ
807 779 926 844 ΒΑ,
960 779 1085 845 ΑΓ,
1128 772 1304 839 οὕτως

230 862 293 919 τὸ
355 861 464 919 ὑπὸ
515 870 645 935 ΕΘ,
692 869 803 918 ΔΖ
863 863 1004 936 πρὸς
1065 864 1126 919 τὸ
1191 861 1301 919 ὑπὸ
1429 761 1862 1018 ffis

232 958 415 1007 EAZ.
450 952 703 1022 ἐναλλάξ,
731 950 805 1018 ὡς
827 950 890 1008 τὸ
913 950 1024 1008 ὑπὸ
1044 958 1175 1022 ΒΗ,
1193 958 1310 1007 ΑΓ
1388 991 1430 1036 B

1562 1042 1606 1089 A

230 1038 370 1110 πρὸς
415 1041 477 1095 τὸ
523 1039 632 1096 ὑπὸ
675 1048 796 1112 ΕΘ,
831 1048 966 1112 ΔΖ,
1016 1040 1192 1106 οὕτως
1236 1043 1299 1096 τὸ

230 1127 339 1184 ὑπὸ
396 1135 569 1185 ΒΑΓ
623 1128 762 1202 πρὸς
820 1129 883 1186 τὸ
947 1128 1057 1186 ὑπὸ
1115 1136 1301 1186 ΕΔΖ.

231 1225 358 1273 ἴσον
412 1218 479 1274 δέ
528 1221 678 1275 ἐστιν
732 1220 794 1274 τό
850 1217 959 1275 ὑπὸ
1007 1224 1180 1275 ΒΑΓ
1224 1221 1299 1294 τῷ
1886 1266 1927 1310 Ζ
2020 1218 2025 1222 ’

229 1305 338 1363 ὑπὸ
372 1313 566 1362 ΕΔΖ·
607 1316 732 1364 ἴσον
771 1307 882 1378 ἄρα
915 1309 1065 1364 ἐστὶν
1105 1307 1197 1362 καὶ
1236 1308 1298 1362 τὸ

229 1394 339 1452 ὑπὸ
380 1403 512 1467 ΒΗ,
544 1402 660 1452 ΑΓ
696 1401 771 1473 τῷ
819 1395 928 1453 ὑπὸ
969 1402 1092 1467 ΕΘ,
1125 1401 1252 1451 ΔΖ.
1336 1393 1476 1451 ἀλλὰ
1522 1398 1625 1451 τοῦ
1669 1395 1771 1467 μὲν
1816 1393 1926 1452 ὑπὸ

230 1492 362 1557 ΒΗ,
386 1492 502 1542 ΑΓ
533 1484 706 1558 ἥμισύ
747 1488 898 1542 ἐστιν
937 1487 999 1542 τὸ
1037 1490 1208 1541 ΑΒΓ
1238 1489 1534 1556 τρίγωνον,
1573 1487 1677 1541 τοῦ
1717 1483 1781 1540 δὲ
1816 1481 1926 1541 ὑπὸ

228 1580 351 1644 ΕΘ,
378 1581 487 1630 ΔΖ
525 1573 698 1646 ἥμισύ
730 1577 879 1631 ἐστιν
911 1578 972 1630 τὸ
1000 1579 1168 1629 ΔΕΖ
1199 1577 1499 1645 τρίγωνον·
1537 1573 1632 1630 καὶ
1662 1572 1724 1629 τὸ
1759 1578 1932 1630 ΑΒΓ

229 1662 338 1733 ἄρα
378 1668 660 1735 τρίγωνον
698 1667 774 1740 τῷ
815 1669 985 1719 ΔΕΖ
1022 1662 1279 1737 τριγώνῳ
1321 1669 1446 1717 ἴσον
1486 1663 1651 1718 ἐστίν.

342 1752 596 1824 φανερὸν
638 1752 734 1824 δή,
788 1752 873 1808 ὅτι
911 1753 1005 1807 καὶ
1042 1751 1110 1807 τὰ
1151 1754 1319 1806 διπλᾶ
1359 1748 1546 1807 αὐτῶν
1584 1755 1927 1822 παραλληλό-

230 1863 455 1913 γραμμα
495 1848 588 1897 ἴσα
628 1842 793 1897 ἐστίν.

343 1944 413 2015 γ’.
469 1950 759 2017 Τρίγωνον
798 1943 862 2000 τὸ
895 1947 1077 2014 ΑΒΓ,
1117 1944 1210 1999 καὶ
1249 1943 1601 2017 παράλληλος
1637 1941 1671 2015 ἡ
1706 1950 1823 1999 ΔΕ
1857 1946 1924 2018 τῇ

229 2039 360 2088 ΒΓ·
426 2032 509 2090 ὅτι
557 2036 731 2102 ἐστίν,
787 2031 862 2098 ὡς
906 2034 969 2088 τὸ
1017 2030 1127 2088 ἀπὸ
1177 2038 1286 2087 ΒΑ
1336 2032 1476 2105 πρὸς
1522 2030 1583 2088 τὸ
1633 2029 1740 2089 ἀπὸ
1790 2040 1923 2103 ΑΔ,

228 2120 405 2187 οὕτως
442 2120 505 2177 τὸ
539 2126 710 2177 ΑΒΓ
741 2125 1021 2193 τρίγωνον
1061 2119 1200 2189 πρὸς
1237 2118 1301 2175 τὸ
1343 2127 1522 2175 ΑΔΕ
1555 2125 1847 2192 τρίγωνον.

340 2211 456 2266 ἐπεὶ
502 2210 609 2282 γὰρ
651 2208 853 2281 ὅμοιόν
894 2211 1043 2265 ἐστιν
1082 2207 1144 2264 τὸ
1186 2213 1358 2264 ΑΒΓ
1604 2234 1660 2277 A

227 2303 507 2370 τρίγωνον
538 2302 613 2375 τῷ
642 2304 811 2353 ΑΔΕ
838 2296 1112 2372 τριγώνῳ,
1143 2297 1207 2352 τὸ
1242 2295 1351 2366 ἄρα
1556 2300 1726 2415 Α

229 2392 403 2442 ΑΒΓ
431 2391 710 2458 τρίγωνον
747 2388 888 2459 πρὸς
924 2385 987 2441 τὸ
1029 2391 1204 2440 ΑΔΕ
1237 2389 1349 2457 τρί-
1495 2387 1549 2428 Δ

228 2497 415 2547 γωνον
464 2479 798 2531 διπλασίονα
845 2475 1018 2545 λόγον
1063 2478 1172 2545 ἔχει
1211 2471 1349 2545 ἤπερ
1464 2417 1849 2559 Α

228 2564 398 2635 &BA
427 2564 706 2635 πρὸςΛΛ
734 2565 1019 2635 [Euc1.V1‚
1049 2565 1156 2631 19].
1210 2559 1349 2616 ἀλλὰ
1399 2543 1452 2581 B
1849 2534 1906 2574 Γ

227 2654 318 2708 καὶ
365 2654 428 2708 τὸ
471 2651 579 2709 ἀπὸ
621 2657 730 2707 ΒΑ
783 2651 923 2724 πρὸς
968 2650 1030 2707 τὸ
1071 2648 1180 2706 ἀπὸ
1222 2655 1334 2703 ΑΔ
1375 2652 1709 2705 διπλασίονα
1746 2649 1919 2721 λόγον

229 2746 338 2812 ἔχει
378 2740 515 2813 ἥπερ
549 2739 582 2812 ἡ
616 2747 717 2796 ΒΑ
756 2739 895 2811 πρὸς
925 2743 1029 2810 τὴν
1060 2745 1192 2794 ΑΔ·
1236 2741 1387 2793 ἔστιν
1427 2736 1554 2809 ἄρα,
1595 2735 1669 2803 ὡς
1705 2737 1768 2793 τὸ
1809 2736 1917 2794 ἀπὸ

348 2922 388 2962 9.
423 2914 620 2972 ἐναλλάξ
653 2944 709 2951 -—
745 2923 813 2963 11.
848 2916 1006 2973 ΕΔΖ]
1041 2929 1130 2960 om.
1155 2913 1357 2960 Hultsch
1388 2927 1494 2958 cum
1524 2912 1726 2960 Halleio.
