2046 3256
381 149 552 190 PAPPI
581 148 872 190 LEMMATA
901 150 967 191 IN
999 149 1194 192 CONIC.
1227 151 1340 193 LIB.
1372 151 1532 192 I—IV.
1695 146 1800 199 151

117 287 375 337 γραμμον
406 268 467 320 τὸ
495 271 548 319 A
560 271 604 319 Z
644 271 770 320 ἴσον
802 267 878 340 τῷ
908 271 1081 320 ΑΒΓ
1110 264 1383 340 τριγώνῳ,
1425 273 1550 321 ἴσον
1589 269 1804 335 γίνεται

116 357 191 427 τῷ
233 353 320 418 δὶς
358 350 463 408 ὑπὸ
501 359 686 421 ΔΕΖ,
726 354 813 408 ἐπὶ
855 352 916 408 δὲ
954 356 1054 408 τοῦ
1093 359 1386 423 τραπεζίου
1426 361 1551 409 ἴσον
1590 358 1804 423 γίνεται

20 429 26 459 ³
114 444 191 516 τῷ
225 438 332 496 ὑπὸ
365 443 794 513 συναμφοτέρου
823 444 920 512 τῆς
944 447 1080 511 ΔΗ,
1107 448 1208 495 ΕΖ
1246 443 1338 497 καὶ
1369 444 1464 513 τῆς
1491 447 1620 496 ΔΕ·
1666 439 1802 514 ὅπερ

24 523 37 631 ῘΞ
115 532 179 584 ἒὸ
182 551 228 584 ει
271 531 458 596 δεῖξαι.

28 700 35 731 3
229 647 324 702 ια’.
372 645 552 702 ’Ἐστω
608 651 885 719 τρίγωνον
938 650 999 703 τὸ
1048 652 1237 717 ΑΒΓ,
1292 647 1384 701 καὶ
1439 649 1802 718 ἐκβληθείσης
1863 659 1892 698 5

87 738 211 805 Δτῆς
259 739 357 790 ΓΑ
413 734 630 806 διήχθω
677 758 758 800 τις
803 739 1049 806 τυχοῦσα
1097 732 1129 805 ἡ
1178 741 1313 805 ΔΕ,
1369 736 1460 790 καὶ
1511 733 1650 808 αὐτῇ
1697 735 1801 806 μὲν

113 822 467 894 παράλληλος
499 822 655 893 ἤχθω
688 821 721 894 ἡ
750 829 885 893 ΑΗ,
917 827 982 896 τῇ
1017 822 1078 878 δὲ
1103 828 1212 877 ΒΓ
1236 821 1269 892 ἡ
1296 829 1424 877 AZ·
1462 822 1545 878 ὅτι
1570 828 1801 893 γίνεται,

114 909 190 975 ὦς
227 909 289 965 τὸ
330 908 438 965 ἀπὸ
462 917 590 965 ΑΗ
619 910 971 982 τετράγωνον
1004 914 1140 981 πρὸς
1170 914 1231 966 τὸ
1264 907 1371 965 ὑπὸ
1399 915 1583 980 ΒΗΓ,
1625 909 1803 975 οὕτως

23 1026 26 1027 ’
114 1001 175 1053 τὸ
214 996 322 1053 ὑπὸ
363 1004 530 1053 ΔΖΘ
569 997 706 1070 πρὸς
743 998 805 1055 τὸ
847 998 954 1054 ἀπὸ
999 1005 1107 1053 ΖΑ
1145 997 1507 1070 τετράγωνον.

224 1089 432 1141 κείσθω
488 1089 562 1162 τῷ
618 1086 720 1157 μὲν
775 1085 883 1142 ὑπὸ
933 1092 1110 1142 ΒΗΓ
1156 1094 1280 1142 ἴσον
1327 1086 1389 1142 τὸ
1439 1085 1548 1141 ὑπὸ
1595 1093 1798 1157 ΑΗΚ,
1834 1098 1889 1138 10

110 1176 187 1248 τῷ
229 1173 290 1229 δὲ
328 1173 436 1229 ὑπὸ
476 1181 643 1230 ΔΖΘ
682 1182 808 1230 ἴσον
847 1174 910 1230 τὸ
948 1173 1057 1230 ὑπὸ
1098 1181 1292 1244 ΑΖΛ,
1331 1175 1423 1229 καὶ
1464 1175 1800 1246 ἐπεζεύχθωη

20 1288 26 1322 3
111 1277 220 1316 σαν
259 1265 320 1317 αἱ
355 1269 484 1333 ΒΚ,
517 1269 638 1318 ΘΛ.
715 1264 829 1318 ἐπεὶ
871 1257 974 1318 οὖν
1023 1271 1112 1333 ἴση
1155 1264 1304 1318 ἐστὶν
1343 1261 1377 1333 ἡ
1417 1267 1473 1316 Γ·
1508 1268 1685 1332 γωνία
1732 1265 1800 1334 τῇ

15 1342 23 1368 ²'
691 1349 798 1406 ὑπὸ
851 1357 1069 1420 ΒΚΗ,
1132 1348 1165 1420 ἡ
1225 1351 1284 1405 δὲ
1338 1348 1447 1405 ὑπὸ
1500 1355 1676 1405 ΛΑΛ
1738 1351 1801 1404 ἐν

676 1438 873 1513 Ἀιύκλςο
908 1446 997 1509 ἴση
1033 1439 1183 1494 ἐστὶν
1213 1441 1278 1510 τῇ
1302 1436 1410 1492 ὑπὸ
1438 1443 1592 1491 ΖΘΛ
1626 1439 1801 1506 [Eucl.

690 1529 795 1597 III,
828 1530 919 1599 353
959 1529 1063 1598 ΙΙΙ,
1095 1531 1216 1595 21],
1267 1527 1358 1581 καὶ
1397 1524 1430 1597 ἡ
1470 1524 1578 1581 ὑπὸ
1619 1531 1796 1580 ΗΚΒ
1832 1539 1889 1579 15

691 1613 799 1686 ἄρα
839 1622 929 1685 ἴση
971 1615 1121 1669 ἐστὶν
1160 1618 1225 1687 τῇ
1266 1613 1375 1670 ὑπὸ
1412 1619 1567 1668 ΖΘΛ
1605 1620 1799 1688 γωνία.

691 1701 831 1758 ἀλλὰ
877 1703 968 1757 καὶ
1016 1701 1049 1773 ἡ
1089 1701 1228 1774 πρὸς
1265 1706 1339 1776 τῷ
1379 1709 1445 1757 Η
1481 1707 1658 1772 γωνία
1706 1710 1798 1773 ἴση

691 1791 840 1846 ἐστὶν
879 1794 944 1864 τῇ
984 1790 1121 1863 πρὸς
1151 1794 1225 1866 τῷ
1257 1797 1321 1845 Ζ·
1369 1794 1518 1845 ἔστιν
1558 1789 1683 1862 ἄρα,
1724 1788 1801 1855 ὡς

11 1930 19 1957 a
523 1915 525 1917 v
688 1879 722 1950 ἡ
766 1884 885 1958 ΒΗ
915 1878 1054 1951 πρὸς
1091 1881 1196 1949 τὴν
1222 1884 1361 1948 ΗΚ,
1402 1876 1576 1942 οὕτως
1622 1876 1655 1949 ἡ
1691 1884 1799 1932 ΛΖ

0 1956 17 2041 ξ
110 1966 252 2039 πρὸς
281 1967 384 2039 τὴν
414 1975 514 2024 ΖΘ
553 1971 726 2038 [Eucl.
759 1969 854 2039 VI,
885 1971 960 2035 4].
1039 1967 1152 2022 ἐπεὶ
1192 1968 1257 2021 δέ
1294 1969 1460 2036 ἐστιν,
1501 1963 1573 2030 ὡς
1610 1965 1644 2036 ἡ
1680 1971 1805 2020 AH
1829 1979 1888 2019 20

111 2053 250 2124 πρὸς
279 2054 380 2125 τὴν
406 2046 537 2125 ΗΒ,
578 2055 754 2120 οὕτως
784 2052 818 2125 ’ἡ
844 2061 950 2109 ΘΕ
977 2053 1116 2125 πρὸς
1146 2055 1250 2124 τὴν
1276 2059 1397 2119 ΕΒ,
1439 2051 1512 2117 ὡς
1545 2053 1606 2109 δὲ
1634 2051 1667 2124 ἡ
1694 2060 1802 2108 ΘΕ

110 2140 248 2213 πρὸς
286 2149 407 2212 ΕΒ,
450 2142 626 2208 οὕτως
665 2143 813 2198 ἐστὶν
855 2144 915 2196 ἐν
947 2141 1278 2216 παραλλήλῳ
1312 2138 1345 2211 ἡ
1382 2146 1483 2195 ΖΘ
1520 2140 1659 2213 πρὸς
1690 2148 1797 2196 ZA

115 2233 288 2298 [Eucl.
303 2232 394 2299 VI,
418 2219 496 2299 4],'
530 2235 678 2286 ἔστιν
705 2228 829 2302 ἄρα,
863 2228 990 2299 ὡςὴ
1018 2234 1142 2283 ΑΗ
1165 2232 1300 2298 πρὸς
1330 2230 1433 2299 τὴν
1457 2235 1587 2299 ΗΒ,
1621 2229 1798 2295 οὕτως

112 2316 267 2387 ἡΘΖ
290 2316 428 2388 πρὸς
453 2324 574 2373 ΖΑ.
613 2318 728 2373 ἐπεὶ
754 2311 857 2372 οὗν
883 2319 1049 2385 ἐστιν,
1075 2314 1148 2381 ὥς
1172 2316 1271 2387 μὲν
1297 2313 1330 2387 ἡ
1352 2322 1476 2371 AH
1501 2315 1637 2387 πρὸς
1660 2322 1794 2388 ΗΒ,

0 2409 10 2418 '‘
110 2403 289 2470 οὕτως
320 2403 352 2476 ἡ
386 2412 487 2460 ΘΖ
518 2405 656 2489 πρὸς
684 2413 812 2486 ιΖΑ,
855 2404 929 2469 ὡς
961 2404 1022 2459 δὲ
1052 2403 1086 2474 ἡ
1120 2410 1237 2459 ΒΗ
1270 2403 1410 2477 πρὸς
1441 2410 1578 2474 ΗΚ,
1621 2408 1795 2471 οὕτως
1826 2419 1885 2459 25

109 2491 248 2563 ἄλλη
281 2515 364 2558 τις
394 2493 427 2564 ἡ
457 2499 562 2548 ΛΖ
600 2493 737 2577 πρὸς
768 2492 871 2563 τὴν
904 2491 1223 2563 ἡγουμένην
1257 2491 1359 2562 τὴν
1392 2498 1510 2562 ΖΘ,
1553 2493 1627 2548 δι’
1665 2501 1793 2548 ἴσον

113 2577 221 2651 ἄρα
247 2581 306 2635 ἐν
339 2581 710 2652 τεταραγμένη
729 2579 1024 2653 ἀναλογίᾳ,
1058 2576 1132 2644 ὡς
1157 2577 1188 2649 ἡ
1216 2585 1340 2633 ΑΗ
1363 2579 1500 2651 πρὸς
1529 2579 1632 2650 τὴν
1655 2586 1794 2650 ΗΚ,

115 2665 290 2731 οὕτως
337 2665 370 2736 ἡ
413 2673 518 2721 ΛΖ
565 2667 704 2739 πρὸς
749 2670 852 2738 τὴν
902 2673 1007 2722 ΖΑ
1056 2670 1228 2735 [Eucl.
1262 2669 1327 2738 V,
1367 2671 1478 2735 23].
1556 2665 1675 2722 ἀλλ’
1721 2666 1797 2732 ὡς

235 2804 273 2843 1.
307 2799 408 2842 ἴσον
427 2800 564 2857 (ρι’.)]»
581 2814 668 2843 om.
687 2799 836 2855 codd„
861 2798 941 2842 καὶ
966 2800 1066 2843 ἴσον
1089 2799 1286 2843 Hultsch
1310 2812 1415 2842 cum
1439 2798 1638 2844 Halleio.
1727 2800 1792 2858 τῷ

114 2860 251 2899 ΑΒΓ
284 2853 519 2915 τριγώνῳ]
560 2857 760 2902 Hultsch
801 2872 906 2902 cum
944 2856 1153 2915 Halleio,
1202 2872 1290 2901 om.
1325 2857 1457 2901 codd.
1609 2861 1650 2901 4.
1694 2856 1793 2902 ἔδει

111 2914 284 2972 δεῖξαι]
317 2933 403 2959 ιω
435 2916 568 2960 codd.
