2046 3224
76 1198 227 1232 Arabes

252 171 376 216 LXX
870 170 1335 214 PROLEGOMENA.

250 317 324 387 ᾖον
350 296 402 372 IV
428 313 484 387 βε
499 324 632 377 ἔτους
658 328 756 382 ,ζζὸ
785 325 847 383 (h.
867 338 905 370 e.
926 326 1071 383 1499).
1083 326 1122 382 ³¹²)
1170 337 1276 368 cum
1308 322 1752 382 interpolationibus
1776 323 1954 370 codicis

251 409 283 451 p
323 396 432 452 apte
472 392 672 438 conferri
710 394 888 450 potest,
929 392 1053 449 quod
1099 390 1147 435 in
1188 389 1424 435 codicibus
1456 388 1751 436 Coislinianis
1786 395 1870 436 172
1905 392 1955 435 et

256 465 339 506 173
373 460 548 505 saeculi
579 458 703 516 XIV,
738 458 849 504 olim
881 459 1061 503 Laurae
1095 458 1140 503 S.
1166 455 1416 502 Athanasii
1447 457 1497 501 in
1528 458 1687 503 monte
1717 457 1859 515 Atho,
1894 457 1952 503 de

251 526 519 584 Nicephoro
553 524 764 583 Gregora
795 524 969 570 dicitur
991 524 1316 583 (Montfaucon
1339 522 1461 569 Bibl.
1487 522 1626 569 Coisl.
1658 539 1705 582 p.
1731 528 1816 569 227
1844 525 1951 581 sq.)-

252 593 334 638 καὶ
365 591 417 638 τὸ
450 590 603 651 παρὸν
638 594 816 653 βιβλίον
850 589 1226 650 διωρθώσατο
1259 590 1342 636 καὶ
1374 586 1676 648 ἀνεπλήρωσε
1701 587 1828 636 ual‘
1806 588 1954 649 ηρμή-
1985 643 1987 645 ,

252 675 420 705 νευσεν
455 655 479 704 ὁ
492 656 775 716 ’φιλόσοφος
806 655 1090 716 Νικηφόρος
1117 658 1383 716 Γρηγορᾶς·
1417 653 1441 702 ὃ
1469 653 1559 715 ’γὰρ
1584 653 1763 715 μακρὸς
1788 653 1954 715 χρόνος

255 724 451 783 φαύλων
498 724 723 783 γραφέων
763 725 919 783 χερσὶν
961 725 1028 777 εἰς
1068 721 1299 782 διαδοχὴν
1338 728 1419 780 τῆς
1461 725 1622 785 βίβλου
1657 720 1954 782 χρησάμενος

253 810 310 837 τα
345 792 432 851 μὲν
467 790 519 838 ἐκ
552 793 634 838 τοῦ
659 789 904 850 ασφαλοῦς
928 791 996 843 εἰς
1021 789 1259 849 σφαλερὸν
1284 789 1560 849 μετήνεγκε,
1591 788 1650 835 τὰ
1675 788 1723 836 δ’
1751 789 1954 849 ἀμαθῶς

255 856 495 916 διακόψας
529 856 582 905 ἔκ
615 859 758 917 μέσου
790 860 1071 916 πεποίηκεν,
1106 855 1167 910 ὡς
1200 855 1403 914 ἐργωδες
1436 854 1667 903 ἐντεῦθεν
1701 854 1826 903 εἶναι
1857 863 1955 909 τοῖς

256 927 467 983 μετιοῦσι
507 941 763 971 συναπτειν
803 923 886 971 τὸν
917 926 1035 970 νοῦν
1069 928 1162 971 κτλ.
1226 924 1520 982 Nicephorus
1554 924 1785 981 Gregoras
1817 923 1955 969 disci-

254 993 394 1050 pulus
420 995 523 1037 erat
539 993 776 1038 Theodori
792 992 1079 1038 Metochitae
1097 991 1315 1049 (Niceph.
1334 991 1472 1049 Greg.
1492 990 1602 1036 hist.
1617 990 1726 1049 Byz.
1744 990 1867 1048 VIII,
1887 993 1955 1046 7);

256 1059 456 1104 fortasse
494 1059 642 1117 igitur
683 1059 934 1105 diorthosis
971 1059 1145 1105 codicis
1177 1075 1207 1117 p
1241 1060 1324 1103 aut
1357 1058 1455 1102 eius
1489 1060 1561 1102 est
1593 1062 1675 1103 aut
1707 1057 1867 1102 saltim
1900 1070 1956 1102 eo

256 1127 445 1171 auctore
475 1125 618 1172 facta.

379 1193 492 1237 Post
513 1191 754 1237 'saeculum
780 1191 889 1237 XIV
914 1193 1070 1237 studia
1093 1191 1433 1237 mathematica
1449 1190 1811 1248 Byzantinorum
1833 1190 1959 1235 intra

257 1259 411 1316 prima
456 1259 594 1304 huius
635 1259 859 1305 scientiae
901 1259 1135 1304 elementa
1175 1260 1424 1313 steterunt3
1474 1257 1531 1303 de
1570 1257 1825 1314 Apollonio
1865 1271 1958 1302 non

257 1326 311 1369 fit
347 1324 542 1371 mentio.
606 1327 688 1371 sed
724 1326 819 1371 iam
860 1327 1046 1371 saeculo
1080 1326 1121 1369 X
1154 1325 1328 1370 Conica
1368 1324 1467 1369 eius
1499 1323 1734 1387 Arabibus
1770 1323 1957 1369 innotu-

259 1395 407 1450 erant,
441 1392 500 1436 de
534 1407 732 1450 quorum
764 1392 933 1438 studiis
965 1391 1293 1449 Apollonianis
1327 1405 1350 1436 e
1385 1391 1706 1448 disputatione
1729 1389 1958 1435 Ludouici

259 1459 388 1504 Nixii
421 1460 534 1517 (Das
573 1460 725 1505 fiinfte
756 1459 889 1504 Buch
930 1460 1011 1504 der
1043 1458 1216 1504 Conica
1248 1459 1327 1504 des
1359 1458 1636 1515 Apollonius
1667 1471 1759 1503 von
1793 1458 1957 1515 Perga.

260 1525 449 1583 Lipsiae
485 1528 616 1581 1889)
656 1527 734 1572 hic
773 1540 927 1584 pauca
966 1526 1226 1583 repetenda
1264 1539 1366 1570 esse
1400 1524 1534 1582 duxi3
1576 1525 1763 1582 sumpta
1795 1526 1904 1568 sunt
1934 1538 1959 1568 e

260 1592 553 1650 praefatione
586 1593 787 1637 filiorum
821 1593 998 1648 Musae,
1033 1607 1124 1650 quo
1158 1593 1285 1637 fonte
1319 1591 1391 1636 usi
1423 1594 1533 1636 sunt
1564 1594 1613 1637 et
1642 1590 1822 1643 Fihrist
1849 1591 1959 1647 (Ab-

262 1659 569 1716 handlungen
600 1675 679 1703 zur
712 1660 989 1704 Geschichte
1023 1659 1106 1704 der
1137 1657 1452 1704 Mathematik
1479 1658 1542 1702 VI
1564 1673 1611 1715 p.
1635 1659 1712 1714 18)
1746 1660 1795 1703 et
1816 1656 1961 1715 Hadji

262 1725 428 1770 Chalfa
458 1726 518 1783 (V
544 1741 587 1783 p.
618 1730 701 1770 147
728 1728 830 1783 sq.).
893 1726 1078 1770 Ahmed
1109 1726 1255 1783 igitur
1286 1727 1334 1769 ct
1367 1725 1527 1770 Hasan
1559 1724 1645 1769 filii
1668 1723 1829 1769 Musae
1861 1738 1959 1769 sae·

261 1793 366 1836 culo
400 1791 440 1835 X
471 1791 909 1851 interpretationem
934 1791 1186 1837 Arabicam
1211 1792 1488 1837 Conicorum
1521 1790 1769 1836 instituere
1802 1789 1961 1836 conati

263 1859 562 1916 corruptione
588 1859 802 1903 codicum
821 1857 1103 1904 Graecorum
1130 1860 1189 1903 ab
1213 1857 1403 1916 incepto
1429 1857 1643 1903 deterriti
1666 1860 1788 1913 sunt,
1814 1857 1961 1902 donec

212 1932 226 1939 ·‘
261 1924 445 1969 Ahmed
492 1925 542 1969 in
586 1925 720 1981 Syria
753 1925 963 1970 codicem
998 1924 1217 1970 editionis
1250 1923 1511 1980 Eutocii**)
1549 1924 1776 1970 librorum
1814 1923 1961 1968 I—-lV

262 1993 428 2035 nactus
461 1992 546 2047 est,
579 2006 717 2047 quem
743 1993 1013 2037 emendauit
1036 1994 1084 2036 et
1110 1992 1167 2036 ab
1193 1991 1322 2036 Hilal
1345 1991 1427 2035 ibn
1452 1990 1531 2036 abi
1555 1991 1683 2035 Hilal
1707 1989 1960 2036 Emesseno

261 2057 666 2114 interpretandum
706 2058 909 2114 curauit3
952 2058 1095 2103 etiam
1135 2058 1279 2103 libros
1311 2057 1518 2113 V—VII,
1565 2071 1681 2113 quos
1713 2070 1802 2115 ope
1834 2057 1961 2102 illius

264 2124 437 2168 codicis
469 2124 744 2182 intellegere
779 2126 821 2170 ei
854 2125 1066 2182 contigit,
1100 2125 1197 2169 eius
1228 2124 1363 2180 iussu
1386 2124 1563 2168 Thabit
1592 2124 1673 2169 ibn
1697 2123 1877 2168 Korrah
1906 2138 1963 2168 ex

265 2191 357 2235 alio
383 2191 544 2236 codice
554 2190 647 2248 ***)
669 2191 891 2237 Arabicos
916 2192 1042 2237 fecit.
1087 2185 1212 2248 quod
1236 2190 1410 2246 B¹ihrist
1435 2191 1492 2235 de
1518 2188 1717 2235 seruatis
1741 2191 1963 2247 quattuor

262 2257 659 2315 propositionibus
698 2257 807 2302 libri
848 2258 1006 2303 octaui
1044 2260 1222 2316 narrat,
1269 2257 1632 2302 incertissimum
1672 2258 1766 2312 cst3
1811 2269 1962 2313 neque

265 2323 390 2367 enim
430 2325 480 2367 in
518 2324 810 2381 praefatione
851 2325 936 2369 illa
976 2325 1367 2368 commemoratur
1407 2325 1469 2379 (u.
1501 2322 1667 2367 Nixius
1700 2318 1746 2380 Ρ.
1772 2323 1837 2380 5),
1876 2336 1962 2367 nec

266 2388 455 2434 omnino
499 2390 625 2447 apud
659 2390 835 2435 Arabes
876 2390 1024 2434 ullum
1065 2390 1163 2435 eius
1203 2389 1272 2434 rei
1310 2388 1564 2445 uestigium
1596 2391 1763 2435 exstat.
1824 2390 1963 2433 huius

264 2455 668 2512 interpretationis
710 2456 952 2502 autoribus
992 2456 1101 2500 filiis
1142 2456 1303 2501 Musae
1344 2456 1498 2500 factae
1539 2468 1789 2512 eorumque
1828 2468 1962 2513 prae-

415 2597 456 2653 *)
492 2596 612 2641 Casu
644 2597 789 2654 igitur
821 2596 1018 2653 adcidit,
1062 2599 1115 2641 ut
1144 2596 1192 2640 in
1225 2595 1421 2654 pidem
1454 2595 1567 2641 ordo
1600 2595 1962 2640 commentario-

266 2671 369 2700 rum
395 2656 581 2700 Eutocii
611 2655 948 2712 restitueretur,
982 2655 1063 2713 qui
1094 2656 1154 2701 ab
1186 2655 1322 2700 initio
1355 2654 1445 2700 fuit
1477 2657 1539 2712 (u.
1566 2669 1705 2712 supra
1735 2670 1780 2712 p.
1805 2654 1960 2712 LVII).

387 2714 457 2772 **)
491 2714 619 2769 Quae
651 2715 824 2759 Fihrist
855 2716 883 2760 l.
918 2729 954 2759 c.
999 2716 1055 2760 de
1090 2713 1406 2771 discrepantia
1437 2714 1652 2759 codicum
1685 2712 1962 2759 Conicorum

268 2775 426 2829 habet,
461 2774 754 2832 apertissime
787 2788 844 2818 ex
876 2774 1072 2819 Eutocio
1105 2774 1148 2817 II
1178 2778 1351 2831 p.176‚
1388 2777 1473 2817 17
1461 2788 1527 2829 q
1561 2773 1718 2829 petita
1750 2775 1869 2817 sunt.

362 2833 459 2901 ***)
492 2833 619 2888 Quae
651 2834 700 2877 in
731 2833 1020 2901 praefatione
1053 2832 1284 2888 dicuntur,
1318 2809 1463 2877 libros
1490 2834 1563 2876 1-
1570 2831 1634 2877 IV
1667 2846 1724 2876 ex
1755 2831 1960 2876 editione

268 2891 471 2949 Entocii‚
497 2895 675 2938 ceteros
701 2907 758 2938 ex
779 2893 1049 2937 recensione
1068 2892 1306 2949 Apollonii
1322 2890 1573 2936 translatos
1592 2904 1690 2935 esse
1715 2889 1824 2947 <Nix
1840 2905 1884 2948 p.
1900 2892 1962 2948 4),

271 2951 566 3010 confirmant,
599 2951 847 2997 Eutocium
880 2952 1003 2996 solos
1036 2951 1182 2996 libros
1215 2951 1438 3008 quattuor
1471 2949 1684 2995 edidisse.
