2046 3256
182 750 209 789 5

152 1193 208 1234 10

151 1638 206 1677 15

147 2066 205 2106 20

145 2522 204 2565 25

250 175 325 229 54
919 179 1197 225 ΚΩΝῙΚΩΝ
1231 178 1296 227 δ’.

247 291 355 350 ἀπὸ
403 298 516 352 τῶν
556 302 634 368 Α,
675 303 720 352 Β
770 296 1148 368 ἐφαπτόμεναι
1195 302 1629 370 συμπεσοῦνται·
1674 297 1951 372 παράλλη-

246 389 335 439 λοι
384 382 495 454 ἄρα
536 388 706 456 εἰσίν,
753 385 846 440 καὶ
890 383 984 441 διὰ
1021 389 1187 443 τοῦτο
1229 386 1524 460 διάμετρός
1561 389 1711 444 ἐστιν
1750 385 1785 460 ἡ
1826 394 1948 445 ΑΒ.

245 469 385 528 ὥστε
426 474 519 528 διὰ
560 477 662 530 τοῦ
700 475 937 548 κέντρου
975 478 1180 531 πίπτει·
1222 474 1357 548 ὅπερ
1399 480 1512 533 ἔδει
1553 477 1744 543 δεῖξαι.

1049 637 1146 694 λε’.

354 738 567 795 Κώνου
611 739 752 812 τομὴ
800 737 834 812 ἢ
882 740 1095 797 κύκλου
1139 743 1465 814 περιφέρεια
1503 744 1692 800 κώνου
1729 746 1871 818 τομῇ
1911 739 1946 816 ἢ

240 825 453 883 κύκλου
506 834 830 904 περιφερείᾳ
883 829 958 902 μὴ
1015 831 1102 886 ἐπὶ
1156 830 1223 886 τὰ
1281 829 1421 889 αὐτὰ
1471 834 1609 905 μέρη
1657 830 1726 888 τὰ
1770 829 1947 906 κυρτὰ

242 918 445 986 ἔχουσα
501 914 571 973 οὐ
622 930 979 990 συμπεσεῖται
1026 917 1164 974 κατὰ
1211 924 1445 977 πλείονα
1492 931 1692 993 σημεῖα
1736 916 1771 993 ἢ
1823 919 1947 978 δύο.

291 1062 296 1066 ,
353 1008 404 1060 εἰ
439 1003 547 1079 γὰρ
589 1007 856 1078 δυνατόν,
895 1007 1085 1063 κώνου
1122 1008 1263 1080 τομὴ
1304 1006 1338 1081 ἢ
1378 1009 1590 1066 κύκλου
1621 1010 1946 1083 περιφέρεια

239 1089 273 1163 ἡ
307 1099 483 1149 ΑΒΓ
505 1098 690 1152 κώνου
721 1099 862 1169 τομῇ
897 1093 930 1167 ἢ
962 1095 1173 1152 κύκλου
1203 1102 1528 1173 περιφερείᾳ
1559 1101 1626 1172 τῇ
1657 1104 1774 1154 AA
1784 1103 1955 1154 ΒΕΓ

241 1184 598 1254 συμβαλλέτω
651 1185 790 1239 κατὰ
844 1188 1076 1240 πλείονα
1132 1197 1330 1257 σημεῖα
1379 1183 1414 1258 ἢ
1466 1185 1570 1242 δύο
1619 1185 1694 1259 μὴ
1743 1187 1830 1243 ἐπὶ
1877 1185 1944 1243 τὰ

240 1267 381 1326 αὐτὰ
421 1273 559 1345 μέρη
599 1271 666 1327 τὰ
705 1273 880 1345 κυρτὰ
917 1271 1125 1346 ’ἔχουσα
1163 1273 1230 1330 τὰ
1271 1283 1350 1346 Α,
1382 1281 1455 1347 Β,
1491 1279 1548 1330 s!

351 1360 445 1416 καὶ
485 1360 601 1416 ἐπεὶ
642 1362 704 1416 ἐν
740 1364 808 1434 τῇ
840 1366 1014 1417 ΑΒΓ
1043 1366 1266 1437 γραμμῇ
1301 1370 1554 1435 εἴληπται
1585 1368 1712 1437 τρία
1744 1375 1944 1437 σημεῖα

237 1447 304 1504 τὰ
351 1456 430 1520 Α,
470 1455 544 1521 Β,
585 1455 639 1504 Γ
684 1450 776 1505 καὶ
832 1452 1218 1523 ἐπεζευγμέναι
1265 1456 1329 1508 αἱ
1370 1459 1506 1523 ΑΒ,
1545 1455 1674 1524 ΒΓ,
1729 1458 1943 1525 γωνίαν

239 1535 348 1610 ἄρα
394 1539 749 1610 περιέχουσιν
798 1539 886 1594 ἐπὶ
932 1538 1000 1594 τὰ
1049 1538 1191 1596 αὐτὰ
1233 1551 1352 1607 τοῖς
1389 1546 1603 1607 κοίλοις
1639 1543 1738 1614 τῆς
1774 1546 1952 1598 ΑΒΓ

239 1629 507 1698 γραμμῆς.
576 1624 669 1680 διὰ
709 1626 777 1682 τὰ
818 1625 960 1682 αὐτὰ
994 1628 1064 1699 δὴ
1097 1631 1159 1683 αἱ
1186 1633 1362 1684 ΑΒΓ
1382 1627 1485 1700 τὴν
1517 1626 1696 1700 αὐτὴν
1725 1634 1943 1701 γωνίαν

237 1714 594 1787 περιέχουσιν
650 1714 737 1770 ἐπὶ
782 1715 850 1770 τὰ
898 1714 1037 1771 αὐτὰ
1085 1727 1203 1782 τοῖς
1248 1722 1459 1784 κοίλοις
1510 1722 1608 1790 τῆς
1653 1723 1949 1775 ΑΔΒΕΓ

236 1805 506 1875 γραμμῆς.
600 1805 663 1858 αἰ
718 1805 1005 1876 εἰρημέναι
1066 1803 1177 1877 ἄρα
1231 1806 1479 1879 γραμμαὶ
1534 1805 1622 1862 ε’πὶ
1675 1805 1744 1862 τὰ
1797 1804 1938 1863 αὐτα

237 1892 374 1964 μέρη
424 1895 614 1963 ἔχουσι
658 1890 725 1947 τὰ
767 1898 928 1947 κοῖλα
974 1891 1087 1965 ἅμα
1132 1893 1225 1948 καὶ
1271 1896 1338 1950 τὰ
1385 1894 1579 1968 κυρτοὲ’
1629 1894 1764 1968 ὅπερ
1803 1893 1938 1952 ἀδύ-

236 2000 428 2037 νατον.

1036 2056 1140 2114 λς’.

342 2153 474 2211 Ἐὰν
520 2156 708 2212 κώνου
757 2156 898 2229 τομὴ
947 2157 980 2229 ἢ
1027 2157 1237 2214 κύκλου
1283 2159 1607 2232 περιφέρεια
1653 2163 1935 2234 συμπίπτῃ

235 2249 335 2318 μιᾷ
373 2248 489 2301 τῶν
522 2243 920 2318 ἀντικειμένων
952 2245 1089 2303 κατὰ
1123 2246 1228 2302 δύο
1263 2258 1480 2319 σημεῖα,
1520 2247 1613 2303 καὶ
1644 2251 1706 2303 αἰ
1733 2249 1937 2321 μεταξὺ

233 2336 348 2388 τῶν
380 2334 757 2405 συμπτώσεων
796 2336 1043 2406 γραμμαὶ
1085 2335 1172 2391 ἐπὶ
1210 2335 1276 2390 τὰ
1318 2333 1460 2390 αὐτὰ
1498 2336 1635 2408 μέρη
1675 2335 1743 2392 τὰ
1773 2344 1935 2394 κοῖλα

235 2424 426 2492 ἔχωσι,
466 2425 988 2495 προσεκβαλλομένη
1033 2421 1068 2495 ἡ
1107 2424 1331 2497 γραμμὴ
1372 2424 1510 2479 κατὰ
1549 2422 1646 2491 τὰς
1684 2425 1935 2498 συμπτώ-

238 2525 350 2574 σεις
390 2507 460 2565 οὐ
499 2519 855 2581 συμπεσεῖται
894 2516 959 2585 τῇ
1001 2513 1160 2587 ἑτέρα
1197 2520 1310 2568 τῶν
1350 2510 1759 2585 ἀντικειμένων.

359 2677 429 2718 12.
478 2672 558 2718 καὶ
608 2668 714 2717 ἐπεὶ
753 2699 808 2706 -
850 2675 1010 2732 ΑΒΓ]
1059 2673 1222 2719 addidi
1268 2676 1522 2731 praeeunte
1571 2675 1929 2731 Commandino;

236 2746 326 2777 om.
352 2732 416 2788 V;
449 2732 505 2790 τῇ
537 2731 723 2789 Halley.
873 2730 1090 2789 εἰλήφθω
1123 2732 1306 2789 Halley.
1461 2739 1530 2779 13.
1565 2731 1928 2792 ἐπεζεύχθωσαν

235 2790 420 2847 Halley.
477 2806 508 2848 p
540 2791 686 2836 habet
716 2790 827 2835 inde
859 2805 887 2835 a
918 2791 998 2836 lin.
1034 2797 1109 2836 11:
1162 2790 1333 2849 ἔχουσα
1370 2792 1425 2851 τῇ
1466 2796 1708 2837 ΑΔΒΕΓ
1739 2794 1928 2852 γραμμῇ

235 2850 317 2894 καὶ
358 2847 721 2907 ἐπεζεύχθωσαν
759 2847 815 2893 αἴ
849 2855 953 2906 AB,
989 2854 1086 2895 ΒΓ.
1157 2851 1238 2895 καὶ
1278 2847 1384 2895 ἐπεὶ
1423 2856 1636 2909 γραμμῆς
1673 2852 1755 2908 τῆς
1794 2856 1931 2897 ΑΒΓ

236 2910 453 2966 εἴληπται
483 2910 590 2965 τρία
622 2913 793 2967 σημεῖα
823 2906 882 2953 τὰ
915 2915 967 2963 A,
992 2912 1043 2966 B,
1071 2913 1114 2953 Γ
1140 2910 1223 2954 καὶ
1256 2906 1594 2967 ἐπεζευγμέναι
1627 2908 1717 2954 εἰσὶ
1748 2908 1803 2955 αἱ
1829 2915 1924 2968 AB,

235 2972 334 3024 ΒΓ,
368 2985 547 3026 γωνιαν
572 2965 664 3025 ἄρα
692 2971 786 3013 κτλ.
897 2966 975 3026 αἴ]
1000 2983 1045 3026 p,
1080 2982 1167 3013 om.
1186 2969 1241 3013 V.
1366 2974 1435 3013 14.
1468 2971 1579 3026 τοῖς]
1606 2983 1724 3027 cvp,
1757 2984 1781 3014 e
1807 2985 1925 3016 corr.
