2020 3236
162 1048 220 1088 10

161 1983 219 2025 20

250 117 361 171 280
724 118 1165 162 COMMENTARIA
1196 120 1480 173 ANTIQUA.

250 239 404 293 ἐστιν
451 244 560 308 ἴση.
643 234 997 309 παράλληλος
1045 234 1153 309 ἄρα
1201 238 1353 294 ἐστὶν
1399 235 1436 309 ἡ
1483 243 1660 294 ΠΡΛ
1703 241 1770 313 τῇ
1818 245 1957 297 ΜΟ.

248 329 349 381 καί
391 326 569 395 ἐστιν,
618 322 692 390 ὡς
730 322 765 396 ἡ
809 330 911 380 ΖΘ
949 329 1086 396 πρὸς
1124 331 1250 398 ΘΚ,
1290 323 1324 398 ἡ
1366 328 1491 390 ΜΞ
1523 331 1662 401 πρὸς
1699 329 1832 392 ΝΞ·
1881 326 1958 396 ὥς

252 413 316 470 δὲ
363 410 396 484 ἡ
447 418 562 468 ΘΚ
601 417 740 485 πρὸς
779 418 917 487 ΘΗ,
963 412 998 486 ἡ
1038 416 1156 478 ΝΞ
1190 419 1327 488 πρὸς
1367 415 1491 479 ΞΟ·
1540 414 1616 472 δι’
1661 423 1790 474 ἴσου
1827 418 1957 491 ἄρα,

251 500 327 568 ὡς
365 500 398 573 ἡ
440 508 544 558 ΘΖ
583 506 720 574 πρὸς
759 508 898 574 ΘΗ,
947 500 981 574 ἡ
1024 505 1147 567 ΜΞ
1180 507 1319 576 πρὸς
1357 506 1482 568 ΞΟ·
1531 505 1839 578 ἀνάπαλιν,
1879 505 1956 572 ὥς

251 590 285 663 ἡ
334 597 448 648 ΗΘ
500 596 639 663 πρὸς
678 597 806 664 ΘΖ,
854 589 889 664 ἡ
943 594 1048 656 ΟΞ
1088 596 1226 666 πρὸς
1271 595 1409 657 ΞΜ·
1458 596 1753 667 συνθέντι,
1801 592 1876 662 ὥς
1921 593 1956 668 ἡ

249 686 364 735 ΗΖ
409 685 548 754 πρὸς
587 686 714 750 ΖΘ,
760 681 1013 737 τουτέστι
1051 686 1190 755 πρὸς
1230 688 1355 755 ΖΕ,
1401 679 1436 754 ἦ
1481 688 1612 739 ΟΜ
1639 688 1779 758 πρὸς
1818 686 1955 754 ΜΞ,

250 770 539 826 τουτέστιν
587 766 621 841 ἡ
662 775 783 825 ΠΛ
822 773 959 842 πρὸς
1000 776 1122 837 ΛΡ.
1200 768 1275 837 ὡς
1315 770 1377 827 δὲ
1416 769 1450 843 ἡ
1491 778 1615 828 ΠΛ
1653 776 1793 845 πρὸς
1830 779 1955 844 ΛΡ,

250 862 313 915 τὸ
353 860 463 915 ὑπὸ
495 864 682 914 ΠΛΡ
712 862 851 931 πρὸς
889 862 951 915 τὸ
985 856 1093 916 ἀπὸ
1125 865 1250 930 ΛΡ,
1291 867 1419 916 ἴσον
1453 859 1516 916 δὲ
1545 864 1608 916 τὸ
1642 859 1750 918 ὑπὸ
1782 868 1966 918 ΠΛΡ

250 951 326 1023 τῷ
367 946 475 1004 ὑπὸ
510 952 704 1003 ΑΛΓ·
747 944 822 1013 ὡς
861 948 970 1021 ἄρα
1002 945 1036 1020 ἡ
1069 954 1184 1004 ΗΖ
1215 952 1354 1021 πρὸς
1386 955 1509 1020 ΖΕ,
1548 954 1611 1006 τὸ
1643 947 1752 1008 ὑπὸ
1784 955 1966 1006 ΑΛΓ

250 1041 389 1108 πρὸς
427 1041 489 1093 τὸ
523 1035 632 1093 ἀπὸ
668 1043 788 1094 ΛΡ.
859 1034 1143 1093 ἀνάπαλιν
1175 1037 1303 1110 ἄρα,
1345 1036 1420 1105 ὥς
1451 1037 1485 1111 ἡ
1520 1046 1624 1095 ΕΖ
1654 1043 1794 1112 πρὸς
1827 1045 1959 1111 ΖΗ,

250 1129 312 1182 τὸ
354 1122 463 1180 ἀπὸ
507 1132 620 1180 ΛΡ
652 1123 791 1197 πρὸς
827 1124 891 1181 τὸ
931 1123 1041 1181 ὑπὸ
1082 1131 1271 1184 ΑΛΓ.

919 1256 1037 1318 Εἰς
1073 1254 1143 1310 τὸ
1184 1252 1302 1325 νη’.

357 1348 485 1403 Καὶ
543 1347 647 1404 ἐπὶ
703 1351 815 1420 τῆς
863 1355 978 1405 ΑΕ
1029 1348 1389 1422 γεγράφθω
1440 1347 1838 1422 ἡμικύκλιον
1883 1347 1955 1406 τὸ

251 1443 446 1508 ΑΕΖ,
487 1438 594 1492 καὶ
633 1440 706 1510 τῇ
748 1445 868 1493 ΑΛ
906 1437 1333 1511 παράλληλος
1372 1437 1557 1510 ἤχθω
1597 1440 1667 1494 ἐν
1707 1437 1881 1516 αὐτῷ
1922 1436 1957 1510 ἡ

194 1540 219 1579 5
254 1531 376 1581 ZH
420 1525 625 1597 λόγον
674 1530 961 1583 ποιοῦσα
1015 1529 1132 1584 τὸν
1179 1530 1296 1583 τοῦ
1345 1525 1470 1583 ἀπὸ
1521 1532 1642 1583 ΖΗ
1679 1526 1842 1601 πρὸς
1885 1527 1956 1583 τὸ

250 1613 377 1671 ὑπὸ
418 1620 600 1671 ΑΗΕ
634 1619 749 1672 τὸν
787 1619 900 1688 τῆς
940 1621 1047 1672 ΓΑ
1085 1614 1248 1688 πρὸς
1285 1614 1404 1687 τὴν
1445 1619 1808 1672 διπλασίαν
1845 1619 1960 1688 τῆς

251 1708 388 1773 ΑΕ]
437 1707 575 1759 ἔστω
623 1701 954 1776 ἡμικύκλιον
1002 1704 1064 1760 τὸ
1114 1710 1284 1761 ΑΒΓ
1322 1704 1414 1760 καὶ
1462 1706 1524 1760 ἐν
1569 1702 1719 1781 αὐτῷ
1761 1702 1959 1760 εὐθεῖά

249 1815 333 1858 τις
371 1790 406 1864 ἡ
447 1799 575 1864 ΑΒ,
614 1794 707 1849 καὶ
746 1798 1070 1850 κείσθωσαν
1110 1793 1213 1849 δύο
1255 1793 1475 1850 εὐθεῖαι
1508 1794 1698 1850 ἄνισοι
1730 1795 1792 1848 αἱ
1823 1801 1878 1849 Λ
1890 1800 1956 1863 Ε,

251 1887 380 1951 ΕΖ,
435 1882 527 1937 καὶ
583 1881 943 1954 ἐκβεβλήσθω
994 1880 1028 1954 ἡ
1079 1889 1183 1937 ΕΖ
1233 1883 1320 1938 ἐπὶ
1367 1880 1430 1937 τὸ
1471 1887 1549 1954 Η,
1594 1882 1687 1937 καὶ
1735 1891 1802 1956 τῇ
1842 1887 1961 1938 ΛΕ

254 1977 344 2041 ἴση
400 1974 611 2026 κείσθω
666 1968 700 2043 ἡ
752 1976 889 2042 ΖΗ,
943 1971 1037 2027 καὶ
1091 1971 1384 2043 τετμήσθω
1434 1969 1535 2042 ὅλη
1583 1968 1618 2042 ἡ
1667 1975 1788 2025 ΕΗ
1830 1973 1958 2042 δίχα

249 2060 388 2115 κατὰ
452 2058 514 2115 τὸ
573 2065 645 2130 Θ,
705 2061 797 2116 καὶ
859 2059 1115 2132 εἰλήφθω
1178 2059 1241 2116 τὸ
1303 2061 1539 2132 κέντρον
1597 2062 1700 2116 τοῦ
1746 2059 1958 2115 κύκλου

249 2152 312 2204 τὸ
368 2153 448 2219 Κ,
501 2148 595 2203 καὶ
650 2145 744 2203 ἀπ’
805 2146 982 2204 αὐτοῦ
1033 2136 1274 2214 κάθετος
1328 2148 1416 2204 ἐπὶ
1470 2149 1575 2219 τὴν
1626 2153 1734 2203 ΑΒ
1795 2146 1957 2219 ἤχθω

250 2238 344 2292 καὶ
400 2237 758 2308 συμβαλλέτω
814 2240 880 2310 τῇ
928 2240 1253 2311 περιφερείᾳ
1298 2237 1437 2292 κατὰ
1482 2234 1544 2292 τὸ
1598 2241 1672 2308 Λ,
1723 2236 1817 2292 καὶ
1863 2235 1958 2291 διὰ

251 2328 355 2380 τοῦ
403 2331 454 2380 Λ
500 2328 567 2397 τῇ
608 2332 718 2381 AB
765 2325 1120 2399 παράλληλος
1166 2324 1325 2397 ἤχθω
1365 2323 1399 2395 ἡ
1439 2329 1592 2395 ΛΜ,
1631 2324 1724 2380 καὶ
1764 2325 1957 2396 ἐκβλη-

384 2448 422 2487 1.
455 2439 485 2499 ἡ
520 2469 576 2476 -
610 2448 650 2487 2.
686 2441 833 2502 ἐστιν]
869 2457 959 2488 om.
992 2444 1110 2501 Wp‚
1145 2457 1259 2490 corr.
1291 2442 1463 2499 Hauey
1495 2457 1599 2488 cum
1632 2442 1808 2488 Comm.
1916 2447 1958 2487 3.

258 2502 386 2560 ΘΗ]
429 2504 533 2547 ΘΝ
567 2517 612 2558 p.
766 2506 808 2546 4.
854 2504 983 2562 ΘΗ]
1029 2505 1131 2548 ΘΝ
1165 2519 1210 2560 p.
1362 2503 1485 2561 ΞΟ]
1527 2515 1641 2547 corr.
1674 2516 1731 2548 ex
1765 2501 1851 2547 &A
1881 2501 1958 2546 W.

316 2558 578 2618 ἀνάπαλιν]
613 2558 687 2606 διὸ
722 2558 866 2605 πάλιν
898 2562 1023 2620 Wp‚
1065 2576 1181 2607 corr.
1215 2561 1391 2607 Comm.
1522 2566 1562 2607 5.
1598 2561 1717 2620 ΗΘ]
1750 2575 1865 2606 corr.
1899 2575 1956 2605 ex

257 2623 343 2666 ΘΖ
376 2637 437 2666 m.
472 2624 496 2664 1
530 2619 606 2665 W.
715 2620 818 2677 ΘΖ]
855 2624 889 2664 Ζ
920 2622 970 2666 in
1001 2636 1089 2667 ras,
1123 2621 1197 2666 W.
1309 2621 1429 2679 ΟΞ]
1466 2622 1507 2665 Ο
1537 2620 1586 2665 in
1615 2634 1705 2666 rae.
1738 2620 1813 2666 W.
1914 2625 1955 2664 6.

255 2678 496 2725 τουτέστιν
528 2679 603 2723 W.
758 2679 887 2738 OM]
924 2682 1034 2725 ΘΜ
1057 2681 1174 2738 Wp‚
1207 2693 1322 2726 corr.
1356 2679 1530 2725 Comm.
1686 2682 1753 2723 11.
1787 2678 1955 2736 ΑΔΓ]

254 2743 403 2783 ΔΑΓ
433 2739 553 2796 Wp‚
586 2751 701 2783 corr.
733 2737 909 2784 Comm.
1034 2745 1104 2786 12.
1135 2740 1238 2798 νη’]
1271 2753 1361 2784 om.
1387 2738 1503 2795 Wp.
1629 2742 1698 2783 15.
1729 2737 1955 2795 ποιοῦσα]

255 2814 359 2842 ποι-
392 2799 442 2843 in
473 2811 564 2843 ras,
589 2798 663 2844 W.
786 2802 854 2842 16.
887 2796 970 2842 τὸν
1002 2799 1104 2858 τῆς]
1139 2798 1223 2843 τὸν
1255 2794 1402 2842 αὐτὸν
1434 2798 1497 2855 τῷ
1530 2798 1613 2853 τῆς
1644 2796 1816 2853 Halley
1848 2810 1954 2840 cum

257 2856 435 2902 Comm.
592 2860 661 2901 19.
693 2855 768 2915 τό]
801 2872 846 2914 p,
878 2857 940 2917 τῷ
971 2858 1043 2902 W.
1197 2862 1268 2903 22.
1301 2854 1374 2915 τό]
1407 2872 1453 2914 p,
1484 2857 1547 2914 τῷ
1579 2857 1653 2901 W.
1792 2859 1863 2900 23.
1896 2855 1956 2913 A]

256 2930 282 2961 e
316 2931 431 2963 corr.
464 2931 525 2962 m.
559 2920 584 2960 2
619 2915 692 2961 W.
