2046 3256
456 162 704 204 EUTOCII
738 161 1174 204 COMMENTARIA
1204 162 1269 204 IN
1301 161 1536 204 CONICA.
1730 159 1833 212 179

149 281 452 334 diametri
521 298 794 350 axesque
865 281 1222 333 sectionum
1299 283 1360 333 et
1428 283 1835 349 asymptotae

147 372 414 439 propria
453 369 693 422 habent
733 368 1010 436 aliaque,
1051 386 1211 436 quae
1249 386 1431 421 usum
1472 369 1835 437 generalem

146 457 712 526 necessariumque
768 457 842 509 ad
898 456 1474 509 determinationes
1528 457 1836 525 praebent

149 546 198 614 [I
234 568 280 613 p.
313 546 364 610 4,
406 546 589 611 5—8].
667 544 1167 598 determinationem
1213 563 1341 598 uero
1390 545 1654 614 duplicem
1704 562 1835 612 esse,

149 636 394 688 omnibus
426 637 618 687 notum
658 636 761 698 est,
810 634 1059 702 alteram,
1100 651 1235 702 quae
1275 636 1402 702 post
1441 634 1833 703 expositionem

148 724 396 791 declarat,
435 722 564 791 quid
605 724 908 792 quaeratur,
948 722 1188 790 alteram,
1229 739 1364 790 quae
1405 722 1832 790 propositionem

146 814 311 881 negat
343 811 647 880 generalem
682 828 797 863 esse
831 809 1134 878 definitque,
1166 811 1378 879 quando
1404 811 1674 878 quomodo
1704 813 1835 878 quot

146 899 319 953 modis
360 899 699 968 propositum
740 899 982 951 construi
1019 899 1216 968 possit,
1269 899 1441 968 qualis
1483 902 1566 951 est
1611 899 1667 950 in
1707 917 1832 967 pro-

145 988 414 1057 positione
453 986 612 1040 XXII
649 988 811 1056 primi
849 987 973 1040 libri
1011 986 1419 1040 Elementorum
1457 987 1727 1040 Euclidis:
1769 1004 1832 1038 ex

145 1077 319 1129 tribus
359 1077 534 1144 rectiS,
575 1094 710 1145 quae
742 1076 916 1128 tribus
951 1075 1090 1127 datis
1125 1076 1374 1144 aequales
1409 1078 1548 1144 sunt,
1588 1075 1831 1143 triangu-

145 1165 258 1217 lum
309 1168 642 1233 construere3
699 1166 914 1232 oportet
967 1182 1096 1216 uero
1151 1165 1282 1216 duas
1338 1164 1545 1232 reliqua
1599 1162 1829 1215 maiores

147 1270 262 1305 esse
303 1270 515 1321 quoquo
549 1251 709 1304 modo
743 1251 1071 1318 coniunctast,
1113 1251 1367 1319 quoniam
1401 1250 1829 1302 demonstratum

147 1343 243 1409 est,
273 1341 332 1393 in
364 1339 553 1408 quouis
586 1339 860 1408 triangulo
895 1339 998 1391 duo
1030 1339 1202 1391 latera
1234 1339 1441 1407 reliquo
1475 1339 1682 1390 maiora
1714 1356 1831 1390 esse

147 1447 361 1499 quoquo
409 1427 569 1480 modo
617 1427 915 1479 coniuncta.
999 1427 1224 1478 tertium
1276 1429 1456 1479 autem
1504 1425 1830 1480 Gonicorum

146 1517 276 1570 dicit
299 1516 574 1569 continere
600 1515 648 1582 [I
666 1534 714 1583 p.
733 1516 1044 1583 4,10—12]
1071 1515 1351 1583 plurima
1381 1518 1443 1567 et
1467 1516 1629 1567 mira
1652 1514 1831 1566 theo-

146 1608 388 1658 remata
442 1604 516 1656 ad
562 1603 1094 1673 compositionem
1141 1604 1426 1656 locorum
1475 1603 1829 1656 solidorum

145 1693 355 1747 utilia.
413 1693 531 1745 loca
561 1693 723 1761 plana
755 1710 872 1744 mos
906 1695 988 1744 est
1021 1692 1256 1760 antiquis
1290 1693 1578 1761 geometris
1619 1709 1830 1758 uocare,

147 1782 239 1834 ubi
262 1782 316 1833 in
341 1781 695 1849 problematis
719 1799 828 1833 non
853 1798 961 1833 uno
987 1781 1101 1833 solo
1119 1784 1317 1848 puncto
1341 1781 1433 1832 sed
1459 1781 1826 1849 compluribus

146 1869 379 1922 efficitur
423 1868 786 1939 propositum3
840 1869 991 1920 uelut
1037 1869 1084 1920 si
1131 1869 1247 1937 quis
1289 1869 1551 1938 postulat,
1599 1872 1661 1920 ut
1700 1869 1828 1921 data

145 1961 290 2010 recta
313 1958 603 2009 terminata
626 1960 888 2025 punctum
921 1956 1139 2025 aliquod
1171 1957 1494 2026 inueniatur,
1526 1957 1663 2009 unde
1690 1976 1827 2026 quae

147 2045 211 2098 ad
246 2045 424 2098 datam
457 2044 915 2113 perpendicularis
948 2045 1172 2097 ducatur
1205 2046 1382 2098 media
1405 2045 1826 2114 proportionalis

145 2133 242 2185 fiat
287 2133 425 2185 inter
476 2134 590 2185 eius
637 2136 842 2202 partes,
894 2133 996 2185 hoc
1043 2133 1221 2186 locum
1275 2137 1492 2203 uocant3
1547 2152 1674 2186 nam
1719 2152 1828 2186 non

146 2239 312 2273 unum
344 2221 515 2272 solum
546 2223 805 2288 punctum
838 2221 1116 2290 problema
1149 2221 1326 2289 efficit,
1359 2222 1451 2273 sed
1483 2223 1630 2274 locus
1665 2225 1826 2290 totus,

147 2326 304 2377 quem
337 2308 546 2360 obtinet
578 2308 811 2360 ambitus
844 2307 1029 2360 circuli
1062 2307 1261 2360 circum
1295 2309 1615 2361 diametrum
1642 2309 1824 2361 datam

145 2400 346 2449 rectam
386 2396 656 2464 descripti.
708 2415 835 2448 nam
881 2397 939 2448 in
986 2396 1112 2448 data
1157 2401 1305 2449 recta
1353 2397 1687 2449 semicirculo
1737 2397 1825 2450 de—

146 2485 369 2552 scriptO,
429 2485 778 2552 quodcunque
824 2487 1081 2551 punctum
1134 2485 1190 2536 in
1241 2485 1449 2537 ambitu
1497 2486 1724 2537 sumitur
1772 2488 1825 2536 et

144 2571 266 2624 inde
305 2575 451 2623 recta
490 2572 556 2624 ad
590 2572 910 2623 diametrum
942 2572 1400 2640 perpendicularis
1435 2571 1660 2640 ducitur,
1700 2591 1822 2640 pro-

144 2660 383 2727 positum
418 2659 594 2712 efficit.
658 2660 841 2712 eodem
875 2660 1033 2712 modo
1067 2659 1113 2711 si
1146 2660 1263 2728 quis
1295 2661 1551 2729 postulat,
1582 2663 1643 2711 ut
1674 2662 1823 2710 extra

205 2822 274 2862 24.
307 2819 530 2862 καλοῦσιν
560 2818 635 2861 W.
774 2823 844 2863 25.
880 2814 1003 2862 ἐστιν
1035 2819 1108 2863 W.
1240 2825 1310 2863 26.
1343 2815 1458 2862 ἄλλοί
1493 2844 1547 2850 -
1579 2834 1625 2874 Ρ.
1654 2823 1750 2874 180,
1778 2824 1818 2865 5.

143 2874 555 2994 πρξξλτίρὲοὲζὲιςωὲᾁ
591 2877 672 2922 inf.
713 2892 773 2921 m.
810 2881 833 2919 1
875 2876 969 2920 alio
1010 2880 1271 2922 atramento
1309 2893 1361 2933 p3
1409 2892 1502 2934 mg.
1543 2875 1631 2934 ὅροι
1676 2876 1816 2922 κάτω.

1466 3010 1554 3053 12*
