2034 3216
170 659 194 698 5

137 1103 192 1143 10

143 1546 196 1586 15
231 1537 397 1589 ἔσται.
461 1534 554 1589 διὰ
589 1532 690 1604 μὲν
724 1526 827 1588 οὖν
859 1535 959 1588 τοῦ
992 1537 1045 1587 Γ
1075 1530 1177 1587 οὐκ
1210 1531 1504 1588 ἐλεύσεται.
1565 1535 1617 1587 εἰ
1644 1531 1751 1604 γὰρ
1790 1529 1928 1603 ἥξει,
2032 1605 2034 1608 Α

138 1989 193 2028 20

138 2400 194 2439 25

223 156 296 209 46
889 157 1168 201 ΚΩΝΙΚΩΝ
1200 157 1229 200 ὃ
1238 152 1263 201 '.

1022 289 1137 346 κθ’.

319 378 500 435 ’Ἑστω
543 378 612 450 δὴ
644 380 706 435 τὸ
740 384 793 434 Γ
826 377 1027 451 μεταξὺ
1062 382 1174 435 τῶν
1215 377 1397 450 ἁφῶν,
1440 376 1514 444 ὡς
1554 378 1641 434 ἐπὶ
1679 380 1777 450 τῆς
1813 384 1927 452 τρί-

223 490 320 539 της
359 476 732 539 καταγραφῆς.

337 556 611 628 φανερόν,
658 557 743 612 ὅτι
784 555 888 613 οὐκ
927 556 1241 628 ἐφάψονται
1282 558 1344 611 αἱ
1379 556 1627 629 γραμμαὶ
1666 553 1927 627 ἀλλήλων

227 644 365 701 κατὰ
410 644 473 701 τὸ
518 650 583 701 Γ·
629 644 766 702 κατὰ
815 645 919 702 δύο
959 644 1065 717 γὰρ
1107 645 1287 718 μόνον
1326 642 1651 702 ὑπόκεινται
1694 644 1927 716 ἐφαπτό-

228 756 404 806 μεναι.
467 736 819 807 τεμνέτωσαν
860 728 964 791 οὖν
995 733 1133 792 κατὰ
1172 733 1235 790 τὸ
1278 739 1347 806 Γ,
1386 734 1478 790 καὶ
1510 732 1781 806 ἤχθωσαν
1815 732 1924 790 ἀπὸ

223 827 336 879 τῶν
353 831 423 894 Α,
438 829 485 878 Β
503 823 741 895 ἐφαπτό-

224 933 388 983 μεναι
465 915 527 967 αἱ
592 918 739 984 ΑΛ,

224 1006 367 1070 ΛΒ,
452 1002 545 1056 καὶ
623 1002 740 1056 ἐπε-

226 1088 439 1160 ζεύχθω
462 1087 495 1160 ἡ
515 1095 623 1144 ΑΒ
647 1090 740 1145 καὶ

225 1181 352 1249 δίχα
446 1179 740 1249 τετμήσθω

223 1265 361 1322 κατὰ
383 1265 445 1322 τὸ
475 1273 541 1321 Ζ·
575 1265 740 1338 ἡᾶρα
788 1294 847 1337 Λ

225 1352 331 1410 ἀπὸ
387 1358 489 1411 τοῦ
543 1361 595 1409 Λ
654 1355 742 1410 ἐπὶ

224 1442 286 1499 τὸ
344 1450 387 1498 Ζ
448 1443 743 1515 διάμετρος

225 1619 259 1692 ἡ
302 1620 394 1676 διὰ
434 1631 535 1677 τοῦ
582 1627 635 1677 Γ
666 1620 815 1693 παρὰ
853 1620 955 1692 τὴν
995 1627 1104 1676 ΑΒ
1147 1619 1390 1692 ἀγομένη
1432 1618 1924 1692 ἐφάψεταιᾶμφο-

225 1710 402 1780 τέρων
444 1713 556 1766 τῶν
587 1719 799 1781 τομῶν
838 1713 1003 1765 τοῦτο
1039 1710 1101 1765 δὲ
1142 1707 1437 1765 ἀδύνατον.
1503 1707 1662 1780 ἤχθω
1705 1707 1773 1780 δὴ
1813 1707 1924 1764 ἀπὸ

226 1808 326 1854 τοῦ
360 1804 414 1854 Γ
444 1798 592 1870 παρὰ
632 1797 737 1869 τὴν
770 1804 876 1854 AB
917 1796 951 1869 ἡ
992 1803 1262 1854 ΓΚΗΜ·
1315 1802 1466 1853 ἔσται
1507 1795 1576 1868 δὴ
1618 1798 1679 1853 ἐν
1716 1797 1819 1869 μὲν
1857 1800 1925 1871 τῇ

228 1888 384 1961 ἑτέρα
422 1891 562 1961 τομῇ
603 1885 636 1959 ἡ
671 1892 782 1944 ΓΚ
819 1891 884 1960 τῇ
918 1892 1038 1942 ΚΗ
1076 1894 1187 1958 ἴση,
1229 1889 1289 1943 ἐν
1331 1886 1393 1942 δὲ
1431 1889 1498 1959 τῇ
1539 1886 1698 1960 ἑτέρᾳ
1729 1883 1763 1957 ἡ
1796 1891 1930 1942 ΚΜ

225 1978 292 2048 τῇ
310 1982 425 2031 ΚΓ
452 1983 558 2047 ἴση.
601 1976 740 2032 ὥστε
764 1976 852 2031 καὶ
880 1973 990 2047 ἡΚ
998 1982 1071 2031 Μ
1085 1979 1151 2049 τῇ
1171 1981 1298 2031 ΚΗ
1315 1983 1428 2046 ἴση·
1465 1973 1598 2043 ὅπερ
1625 1973 1924 2031 ἀδύνατον.

340 2061 545 2134 ὁμοίως
585 2064 646 2120 δὲ
684 2068 803 2135 καί,
856 2063 954 2120 ἐὰν
1001 2063 1348 2136 παράλληλοι
1397 2057 1536 2119 ὦσιν
1584 2066 1646 2118 αἰ
1691 2061 1924 2134 ἐφαπτό-

226 2173 414 2222 μεναι,
461 2152 599 2207 κατὰ
645 2154 712 2208 τὰ
762 2151 901 2208 αὐτὰ
949 2164 1064 2218 τοῖς
1111 2152 1296 2208 ἐπάνω
1336 2151 1398 2207 τὸ
1447 2149 1731 2207 ἀδύνατον
1781 2154 1924 2222 δειχ-

226 2243 473 2311 θήσεται.
1050 2299 1103 2355 λ,

339 2387 646 2461 Παραβολὴ
693 2394 1015 2460 παραβολῆς
1063 2386 1167 2443 οὐκ
1207 2386 1479 2458 ἐφάψεται
1518 2384 1653 2442 κατὰ
1692 2391 1924 2441 πλείονα

227 2488 424 2547 σημεῖα
464 2473 497 2547 ἢ
539 2479 612 2532 ἕν.

338 2569 389 2620 εἰ
432 2565 540 2637 γὰρ
590 2565 859 2635 δυνατόν,
907 2566 1351 2636 ἐφαπτέσθωσαν
1398 2565 1460 2618 αἱ
1493 2569 1695 2634 ΑΗΒ,
1740 2568 1924 2618 ΑΜΒ

225 2654 537 2725 παραβολαὶ
583 2654 720 2709 κατὰ
764 2654 830 2709 τὰ
872 2661 948 2722 Α,
981 2660 1054 2724 Β,
1103 2652 1196 2707 καὶ
1235 2650 1505 2723 ἤχθωσαν
1546 2650 1922 2722 ἐφαπτόμεναι

226 2745 286 2796 αἱ
324 2747 460 2812 ΑΛ,
494 2747 623 2796 ΛΒ·
671 2739 984 2812 ἐφάψονται
1034 2739 1103 2811 δὴ
1154 2733 1318 2795 αὗται
1363 2742 1476 2794 τῶν
1520 2742 1709 2809 τομῶν
1749 2736 1926 2809 ἄμφο-

226 2832 401 2899 τέρων
442 2830 534 2885 καὶ
575 2831 986 2900 συμπεσοῦνται
1027 2825 1164 2883 κατὰ
1197 2827 1259 2882 τὸ
1301 2832 1366 2883 Λ.
1904 2851 1916 2855 ’·

349 2953 387 2992 1.
420 2946 530 3005 καθ’]
565 2961 654 2993 om.
676 2947 762 3003 Vp.
885 2951 926 2991 2,
958 2942 1043 3004 ὡς]
1075 2960 1123 3002 p,
1156 2958 1245 2989 om.
1271 2944 1326 2989 V.
