2046 3256
165 1088 221 1126 10

169 1532 221 1571 15

166 1977 222 2016 20

165 2421 221 2462 25

251 158 361 211 220
732 161 1172 203 COMMENTARIA
1202 161 1483 213 ANTIQUA.

251 276 455 349 λήφθω
503 300 584 343 τις
632 277 819 333 αὐτῶν
867 280 1057 350 μέσος,
1106 277 1179 346 ὡς
1227 285 1443 349 ἔτυχεν,
1496 277 1523 334 6
1566 283 1635 348 Γ,
1675 279 1769 335 καὶ
1809 282 1947 334 ἔστω

250 370 353 422 τοῦ
392 375 468 436 Α,
510 372 563 422 Γ
601 367 775 439 λόγου
821 369 1119 441 πηλικότης
1167 367 1195 425 6
1239 377 1319 440 A,
1365 372 1468 425 τοῦ
1508 368 1570 424 δὲ
1609 373 1679 438 Γ,
1720 374 1767 424 Β
1808 366 1838 424 6
1883 375 1948 438 Ε,

251 457 342 511 καὶ
385 454 413 511 6
450 464 505 510 A
542 455 644 511 τὸν
675 462 728 512 Ε
763 457 1255 524 πολλαπλασιάσας
1291 457 1392 514 τὸν
1426 464 1470 512 Ζ
1507 462 1745 513 ποιείτω.
1785 458 1948 528 λέγω,

253 542 337 600 ὅτι
376 549 478 601 τοῦ
518 545 694 616 λόγου
732 549 848 601 τῶν
888 553 959 616 Α,
1002 553 1048 602 Β
1088 548 1389 618 πηλικότης
1429 547 1579 602 ἐστὶν
1621 544 1650 602 6
1693 552 1755 616 Ζ,
1794 566 1950 601 τουτ-

254 635 406 690 ἐστιν
455 634 540 690 ὅτι
589 632 619 690 6
668 641 713 689 Ζ
766 634 869 691 τὸν
918 641 964 690 Β
1011 636 1504 702 πολλαπλασιάσας
1548 635 1650 692 τὸν
1690 644 1743 691 Α
1788 646 1949 691 ποιεῖ.

254 721 283 778 6
327 723 397 794 δὴ
438 730 483 778 Ζ
523 723 624 780 τὸν
664 730 711 779 Β
751 724 1243 791 πολλαπλασιάσας
1279 725 1380 781 τὸν
1419 730 1481 781 Η
1516 729 1756 781 ποιείτω.
1835 723 1951 780 ἐπεὶ

254 806 358 868 οὗν
400 811 430 868 6
463 819 519 868 A
552 813 653 869 τὸν
687 812 788 884 μὲν
823 819 876 868 Ε
902 816 1393 880 πολλαπλασιάσας
1421 815 1522 870 τὸν
1556 821 1605 870 Z
1633 819 1951 885 πεποίηκεν,

252 900 352 957 τὸν
409 901 470 957 δὲ
519 906 572 956 Γ
616 902 1108 968 πολλαπλασιάσας
1161 901 1261 969 τὸν
1314 911 1365 958 A
1420 907 1746 974 πεποίηκεν,
1800 906 1953 958 ἔστιν

253 988 389 1060 ἄρα,
439 988 512 1057 ὡς
553 988 582 1045 6
628 997 679 1045 Ε
722 990 863 1062 πρὸς
901 990 1001 1047 τὸν
1050 996 1116 1060 Γ,
1166 988 1195 1046 6
1237 998 1280 1046 Ζ
1321 991 1460 1065 πρὸς
1498 991 1600 1048 τὸν
1639 1001 1705 1047 Α.
1781 990 1950 1047 πάλιν

254 1079 369 1134 ἐπεὶ
426 1077 455 1134 6
506 1085 553 1134 Β
607 1078 708 1135 τὸν
754 1086 807 1134 Ε
856 1081 1345 1146 πολλαπλασιάσας
1394 1079 1496 1136 τὸν
1541 1085 1596 1135 Γ
1632 1086 1951 1151 πεποίηκεν,

252 1166 354 1223 τὸν
411 1167 473 1223 δὲ
529 1174 573 1222 Ζ
628 1171 1118 1235 πολλαπλασιάσας
1167 1169 1268 1225 τὸν
1317 1175 1381 1224 Η
1421 1175 1744 1241 πεποίηκεν,
1801 1174 1952 1225 ἔστιν

254 1254 380 1326 ἄρα,
422 1256 497 1322 ὡς
539 1254 569 1311 6
611 1263 663 1311 E
697 1259 837 1331 πρὸς
867 1259 969 1314 τὸν
1002 1265 1064 1329 Ζ,
1107 1255 1136 1314 6
1171 1264 1224 1314 Γ
1255 1258 1394 1331 πρὸς
1430 1258 1531 1314 τὸν
1567 1264 1638 1316 Η.
1701 1257 1952 1329 ἐναλλάξ,

255 1343 327 1410 ὡς
376 1342 406 1400 6
455 1351 507 1399 E
550 1344 690 1418 πρὸς
735 1348 837 1402 τὸν
876 1352 947 1417 Γ,
1001 1345 1030 1403 6
1073 1354 1118 1402 Z
1164 1349 1306 1420 πρὸς
1342 1345 1445 1403 τὸν
1482 1353 1555 1402 Η.
1631 1342 1704 1418 ἦν
1745 1349 1830 1417 δέ,
1879 1345 1954 1413 ὡς

256 1431 284 1488 ὁ
329 1439 380 1488 Ε
422 1433 564 1506 πρὸς
610 1435 711 1490 τὸν
751 1441 821 1505 Γ,
871 1434 899 1491 6
950 1442 995 1491 Z
1042 1435 1181 1508 πρὸς
1226 1435 1328 1492 τὸν
1377 1445 1448 1491 A·
1499 1443 1620 1502 ἴσος
1663 1434 1771 1506 ἄρα
1819 1435 1848 1492 6
1895 1440 1960 1491 H

253 1525 328 1597 τῷ
386 1530 455 1579 Α.
564 1522 702 1579 ὥστε
763 1522 792 1580 6
844 1531 888 1579 Z
943 1525 1042 1580 τὸν
1098 1531 1144 1580 Β
1203 1524 1692 1591 πολλαπλασιάσας
1745 1523 1845 1580 τὸν
1899 1531 1952 1579 Α

252 1616 564 1683 πεποίηκεν.

367 1700 440 1771 μὴ
489 1703 796 1772 ταραττέτω
847 1703 908 1758 δὲ
951 1701 1081 1767 τοὺς
1121 1701 1564 1775 ἐντυγχάνοντας
1601 1702 1663 1760 τὸ
1705 1702 1799 1758 διὰ
1838 1705 1952 1758 τῶν

255 1786 644 1860 ἀριθμητικῶν
694 1791 981 1860 δεδεῖχθαι
1030 1793 1216 1845 τοῦτο·
1271 1792 1329 1846 οἵ
1360 1813 1418 1846 τε
1455 1789 1564 1863 γὰρ
1603 1793 1832 1847 παλαιοὶ
1868 1793 1952 1848 κέ·

254 1898 486 1947 χρηνται
514 1888 633 1942 ταῖς
655 1876 938 1943 τοιαύταις
961 1876 1274 1944 ἀποδείξεσι
1300 1886 1714 1950 μαθηματικαῖς
1737 1885 1952 1951 μᾶλλον

257 1965 452 2030 οὔσαις
506 1965 540 2036 ἢ
596 1964 989 2038 ἀριθμητικαῖς
1045 1966 1137 2022 διὰ
1194 1966 1291 2033 τὰς
1338 1967 1668 2039 ἀναλογίας,
1727 1968 1819 2024 καὶ
1866 1966 1952 2024 ὅτι

254 2054 316 2109 τὸ
384 2054 721 2125 ζητούμενον
786 2053 1157 2127 ἀριθμητικόν
1220 2057 1385 2113 ἐστιν.
1475 2056 1636 2128 λόγοι
1697 2057 1805 2130 γὰρ
1858 2059 1950 2113 καὶ

254 2143 613 2214 πηλικότητες
645 2143 830 2214 λόγων
863 2144 954 2199 καὶ
986 2145 1503 2217 πολλαπλασιασμοὶ
1538 2158 1655 2211 τοῖς
1685 2144 1954 2218 ἀριθμοῖς

255 2230 485 2301 πρώτως
523 2229 836 2303 ὑπάρχουσι
876 2233 967 2287 καὶ
1009 2232 1083 2287 δι’
1128 2231 1314 2289 αὐτῶν
1350 2246 1468 2300 τοῖς
1499 2236 1779 2306 μεγέθεσι,
1811 2236 1950 2291 κατὰ

255 2322 355 2373 τὸν
395 2319 644 2375 εἰπόντα·
684 2330 858 2375 ταῦτα
897 2320 1005 2391 γὰρ
1044 2320 1110 2377 τὰ
1152 2314 1453 2394 μαθήματα
1494 2326 1759 2379 δοκοῦντι
1799 2322 1952 2395 εἶμεν

255 2405 483 2478 ἀδελφά.

377 2606 417 2645 4.
451 2602 562 2660 τῶν]
597 2614 712 2645 colr.
748 2615 802 2645 ex
834 2599 916 2645 τόν
950 2603 998 2646 in
1023 2603 1157 2647 scrib.
1184 2602 1244 2646 W
1375 2608 1414 2647 7.
1446 2604 1677 2672 πεποίηκε
1709 2619 1754 2674 p.
1879 2609 1947 2648 10.

256 2664 484 2716 πεποίηκε
518 2676 562 2717 p.
719 2666 786 2705 16.
828 2664 1059 2734 πεποίηκε
1100 2678 1142 2719 p.
1207 2662 1299 2717 Mg.
1341 2658 1464 2705 διότι
1503 2658 1555 2706 τὸ
1590 2665 1624 2705 Ζ
1666 2659 1782 2719 πρὸς
1819 2661 1873 2707 τὸ
1907 2667 1950 2706 Δ

257 2720 337 2765 καὶ
371 2723 420 2763 Η
457 2716 595 2791 λόγον
628 2715 712 2764 τὸν
745 2716 894 2763 αὐτὸν
926 2719 1024 2789 ἔχει
1065 2722 1148 2765 τοῦ
1181 2723 1221 2764 Ε
1261 2717 1378 2775 πρὸς
1410 2718 1463 2764 τὸ
1502 2724 1559 2776 Γ,
1599 2720 1657 2764 τὰ
1691 2721 1744 2766 δὲ
1779 2718 1947 2778 ἔχοντα

255 2778 372 2837 πρὸς
414 2776 485 2837 [τὸ
522 2775 659 2837 αυτό]
700 2777 783 2824 τὸν
824 2774 972 2823 αὐτὸν
1011 2779 1151 2850 λόγον
1193 2782 1269 2824 ἴσα
1311 2795 1369 2823 m.
1406 2786 1427 2822 1
1469 2780 1529 2823 W
1549 2756 1665 2852 ’Q
1681 2775 1799 2824 αὐτό
1841 2793 1947 2837 om„

255 2841 333 2884 ἴσα
367 2853 516 2894 comp.
549 2853 609 2882 m.
636 2839 682 2895 2)
715 2839 764 2884 et
794 2853 825 2894 p
859 2834 928 2892 (τὸ
963 2835 1080 2883 αὐτό
1117 2853 1222 2894 om„
1254 2837 1360 2882 add.
1390 2852 1484 2895 mg.
1519 2835 1604 2891 ἔξω
1636 2833 1696 2894 ἦν
1727 2838 1947 2895 σκόλιον).

318 2903 384 2942 18.
419 2898 688 2957 δεδειχθαι]
720 2913 766 2956 p,
798 2898 884 2940 δεδ
916 2912 1004 2943 ras.
1031 2903 1056 2941 3
1090 2897 1182 2942 litt.
1215 2899 1306 2941 θαι
1339 2897 1411 2952 W,
1445 2895 1679 2942 δεδόσθαι
1712 2902 1940 2943 w.19.

256 2953 556 3010 ἀποδείξεσιν
591 2958 663 3001 W.
804 2961 873 3000 20.
909 2951 1002 3014 ὅτι]
1037 2957 1140 3002 fort
1176 2954 1307 3001 αὐτό.
1445 2961 1515 3001 23.
1549 2953 1841 3014 υπάρχονσιν
1873 2956 1946 3000 W.
