2046 3256
239 161 343 215 138
894 162 1275 206 FRAGMENTA.

233 281 468 351 κέντρον
509 277 684 336 αὐτοῦ
724 277 827 349 τὴν
865 282 964 351 τῆς
996 277 1316 354 ἀνωμαλίας
1355 278 1430 346 ὡς
1465 280 1554 335 ἐπὶ
1584 278 1652 337 τὰ
1686 279 1930 353 ἑπόμενα

235 372 332 440 τῆς
388 367 658 440 ἀπογείου
712 373 1090 443 περιφερείας,
1145 369 1237 425 καὶ
1286 369 1494 442 διαχθῇ
1539 390 1622 436 τις
1677 368 1785 426 ἀπὸ
1832 379 1932 442 τῆς

236 456 414 526 ὅψεως
470 456 627 529 ἡμῶν
683 460 878 514 εὐθεῖα
923 459 1204 530 τέμνουσα
1258 457 1358 521 τὸν
1407 459 1705 515 έπίκυκλον
1753 456 1932 524 οὕτως

236 544 374 602 ὥστε
427 550 530 602 τοῦ
586 547 1130 618 ἀπολαμβανομένου
1181 545 1355 618 αὐτῆς
1407 549 1469 603 ἐν
1522 550 1598 623 τῷ
1654 545 1928 622 έπικύκλῳ

174 649 200 687 5
235 635 517 707 τμήματος
547 634 651 707 τὴν
683 633 943 707 ἡμίσειαν
975 634 1112 707 πρὸς
1142 634 1245 708 τὴν
1277 634 1386 691 ἀπὸ
1419 644 1517 707 τῆς
1549 634 1730 704 ὅψεως
1767 633 1930 708 ἡμῶν

235 725 395 796 μέχρι
447 728 545 795 τῆς
604 723 743 780 κατὰ
795 725 858 780 τὸ
913 729 1197 796 περίγειον
1249 727 1351 781 τοῦ
1406 723 1707 781 ἐπικύκλου
1758 728 1933 797 τομῆς

234 812 407 884 λόγον
441 818 605 885 ἔχειν,
647 810 714 869 ὃν
746 814 809 869 τὸ
840 812 1008 885 τάχος
1037 817 1138 869 τοῦ
1172 813 1471 869 έπικύκλου
1503 814 1643 884 πρὸς
1667 814 1730 870 τὸ
1764 813 1932 886 τάχος

233 906 334 958 τοῦ
389 901 645 975 ἀστέρος,
699 905 761 958 τὸ
809 902 1112 974 γινόμενον
1160 913 1393 974 σημεῖον
1441 899 1550 957 ὑπὸ
1605 905 1704 974 τῆς
1750 902 1930 968 οὕτως

237 995 561 1064 διαχθείσης
608 989 834 1057 εὐθείας
879 994 1017 1063 πρὸς
1054 994 1119 1063 τῇ
1160 995 1418 1066 περιγείω
1458 995 1784 1066 περιφερείᾳ
1827 995 1931 1048 τοῦ

146 1093 201 1133 10
236 1080 534 1136 ἐπικύκλου
575 1083 803 1153 διορίζει
841 1079 940 1144 τάς
976 1101 1034 1135 τε
1072 1077 1392 1147 ὑπολείψεις
1430 1080 1523 1134 καὶ
1560 1079 1658 1145 τὰς
1689 1079 1931 1152 προηγή-

234 1185 371 1240 σεις,
420 1168 562 1225 ὥστε
607 1167 726 1224 κατ’
772 1167 946 1224 αὐτοῦ
989 1168 1293 1240 γινόμενον
1338 1171 1439 1224 τὸν
1477 1166 1682 1241 ἀστέρα
1721 1190 1931 1239 φαντα-

235 1263 364 1314 σίαν
411 1265 702 1314 ποιεῖσθαι
749 1260 1080 1331 στηριγμοῦ·
1135 1256 1236 1312 έάν
1283 1279 1341 1313 τε
1390 1258 1484 1312 διὰ
1532 1266 1632 1329 τῆς
1683 1254 1804 1312 κατ’
1846 1258 1930 1312 έκ-

231 1346 567 1418 κεντρότητα
620 1344 946 1412 ὑποθέσεως
999 1344 1034 1418 ἡ
1081 1348 1231 1419 παρὰ
1277 1349 1377 1402 τὸν
1423 1345 1589 1417 ἥλιον
1637 1345 1931 1419 ἀνωμαλία

234 1440 513 1510 συμβαίνῃ
554 1440 651 1508 τῆς
688 1436 951 1508 τοιαύτης
1006 1436 1093 1491 ἐπὶ
1140 1435 1335 1507 μόνων
1388 1439 1503 1492 τῶν
1549 1444 1736 1491 πᾶσαν
1792 1434 1930 1491 ἀπό-

146 1537 200 1578 15
235 1541 430 1580 στασιν
493 1524 600 1581 ἀπὸ
662 1528 767 1582 τοῦ
819 1523 983 1597 ἡλίου
1037 1526 1393 1597 ποιουμένων
1449 1527 1622 1596 τριῶν
1677 1521 1930 1597 ἀστέρων

233 1625 548 1686 προχωρεῖν
589 1616 923 1686 δυναμένης,
962 1617 1063 1669 τοῦ
1100 1613 1202 1685 μὲν
1232 1615 1468 1685 κέντρου
1498 1615 1602 1669 τοῦ
1634 1612 1931 1681 έκκέντρου

233 1703 359 1775 περὶ
405 1706 467 1759 τὸ
516 1712 618 1758 τοῦ
667 1706 943 1776 ζῳδιακοῦ
997 1703 1232 1774 κέντρον
1288 1706 1365 1767 εἰς
1410 1703 1476 1758 τὰ
1527 1700 1769 1773 ἑπόμενα
1813 1703 1929 1757 τῶν

234 1795 447 1867 ζῳδίων
489 1795 759 1863 ἰσοταχῶς
795 1794 871 1868 τῷ
912 1788 1050 1867 ἡλίῳ
1093 1792 1427 1863 φερομένου,
1465 1794 1568 1846 τοῦ
1605 1789 1667 1845 δὲ
1698 1789 1930 1862 ἀστέρος

234 1881 321 1937 ἐπὶ
359 1884 461 1936 τοῦ
501 1881 796 1953 ἐκκέντρου
835 1880 960 1953 περὶ
999 1883 1060 1935 τὸ
1101 1881 1334 1953 κέντρον
1375 1877 1553 1935 αὐτοῦ
1583 1882 1663 1944 εἰς
1691 1879 1759 1934 τὰ
1792 1899 1926 1951 προ-

141 1983 200 2023 20
231 1969 518 2042 ηγούμενα
571 1973 685 2026 τῶν
739 1973 952 2045 ζῳδίων
1007 1973 1277 2040 ἰσοταχῶς
1333 1971 1399 2041 τῇ
1453 1971 1551 2039 τῆς
1605 1965 1929 2039 ἀνωμαλίας

230 2058 488 2134 παρόδῳ,
542 2058 635 2113 καὶ
692 2062 899 2131 διαχθῇ
945 2081 1027 2124 τις
1081 2055 1278 2113 εὐθεῖα
1333 2057 1421 2112 ἐπὶ
1474 2059 1576 2112 τοῦ
1631 2057 1928 2130 ἐκκέντρου

231 2148 442 2203 κύκλου
494 2148 587 2203 διὰ
628 2156 731 2203 τοῦ
769 2148 1019 2221 κέντρου,
1052 2155 1154 2203 τοῦ
1196 2148 1495 2223 ζωδιακοῦ,
1541 2147 1792 2202 τουτέστι
1830 2148 1930 2216 τῆς

232 2236 438 2308 ὅψεως,
489 2234 666 2302 οὕτως
705 2240 908 2308 ἔχουσα
958 2234 1098 2292 ὥστε
1143 2234 1246 2307 τὴν
1287 2233 1545 2306 ἡμίσειαν
1585 2235 1757 2305 αὐτῆς
1795 2233 1929 2305 ὅλης

230 2329 369 2395 πρὸς
407 2328 468 2380 τὸ
509 2329 749 2381 ἔλασσον
787 2328 899 2380 τῶν
939 2323 1047 2379 ὑπὸ
1086 2334 1183 2395 τῆς
1224 2324 1405 2390 ὅψεως
1444 2323 1758 2394 γινομένων
1796 2343 1926 2394 τμη-

142 2425 198 2466 25
233 2413 423 2487 μάτων
464 2413 637 2484 λόγον
677 2417 849 2486 ἔχειν,
902 2410 968 2468 ὃν
1009 2416 1071 2468 τὸ
1111 2412 1276 2484 τάχος
1314 2420 1414 2468 τοῦ
1457 2412 1751 2482 ἐκκέντρου
1789 2413 1929 2484 πρὸς

231 2507 293 2559 τὸ
340 2501 505 2575 τάχος
542 2505 644 2556 τοῦ
683 2500 938 2573 ἀστέρος,
985 2498 1102 2556 κατ’
1149 2502 1326 2556 ἐκεῖνο
1366 2504 1428 2556 τὸ
1470 2510 1702 2571 σημεῖον
1740 2497 1928 2570 γιγνό-

232 2613 399 2663 μενος
440 2588 468 2645 ὁ
509 2587 702 2661 ἀστήρ,
742 2588 873 2645 καθ’
911 2586 941 2645 ὃ
981 2591 1168 2660 τέμνει
1206 2586 1240 2660 ἡ
1281 2586 1476 2644 εὐθεῖα
1508 2587 1610 2659 τὴν
1642 2592 1926 2660 περίγειον

231 2684 333 2736 τοῦ
374 2680 666 2751 ἐκκέντρου
704 2679 1090 2750 περιφέρειαν,
1131 2676 1234 2749 τὴν
1273 2680 1388 2732 τῶν
1427 2679 1745 2750 στηριγμῶν
1785 2697 1929 2747 φαν-

232 2773 430 2824 τασίαν
469 2766 771 2838 ποιήσεται.

144 2869 201 2908 30
345 2859 426 2912 De
467 2857 1022 2911 demonstrationibus
1055 2857 1337 2927 Apollonii
1375 2876 1425 2910 u,
1458 2855 1748 2909 Delambre
1781 2856 1926 2926 apud

234 2948 436 3000 Halma
475 2945 552 3000 ΙΙ2
591 2967 642 3016 p.
682 2947 765 3003 19.
