2046 3256
171 1098 225 1138 10

168 1632 221 1673 15

162 2077 219 2116 20

262 160 373 214 234
735 162 1174 207 COMMENTARIA
1203 162 1490 217 ANTIQUA.

261 301 442 352 φομεν
505 277 824 354 ὑπερβολὴν
887 280 980 336 καὶ
1040 285 1288 349 ἔλλειψιν
1341 281 1586 350 κανόνος
1637 282 1962 356 παραθέσει.

262 370 534 424 ἐκκείσθω
582 368 691 443 γὰρ
732 367 929 425 εὐθεῖα
967 367 1002 442 ἡ
1044 377 1155 427 AB
1193 371 1286 426 καὶ
1325 371 1832 445 προσεκβεβλήσθω
1874 369 1957 429 ἐπ’

261 455 495 530 ἄπειρον
537 459 623 515 ἐπὶ
662 458 725 515 τὸ
765 464 843 530 Η,
881 459 974 515 καὶ
1013 458 1122 516 ἀπὸ
1163 463 1266 516 τοῦ
1299 468 1352 516 Α
1389 459 1562 535 ταύτῃ
1602 462 1743 534 πρὸς
1781 458 1965 534 ὀρθὰς

259 544 419 618 ἤχθω
468 545 502 618 ἡ
544 553 670 618 ΑΓ,
718 548 811 604 καὶ
859 549 1169 622 ἐπεζεύχθω
1217 547 1252 621 ἡ
1300 555 1414 606 ΒΓ
1441 550 1536 606 καὶ
1582 551 1961 624 ἐκβεβλήσθω,

259 635 352 691 καὶ
393 635 651 708 εἰλήφθω
690 636 818 694 τινὰ
857 650 1058 710 σημεῖα
1099 639 1187 694 ε’πὶ
1226 649 1323 711 τῆς
1361 645 1484 695 ΑΗ
1519 638 1589 695 τὰ
1627 645 1700 712 Ε,
1741 647 1824 711 H,
1869 640 1962 697 καὶ

258 723 366 782 ἀπὸ
415 736 530 781 τῶν
570 732 646 798 Ε,
685 733 752 782 Η
787 731 855 800 τῇ
897 733 1012 783 ΑΓ
1042 728 1388 801 παράλληλοι
1428 727 1699 802 ἤχθωσαν
1740 732 1802 785 αἱ
1837 736 1960 800 ΕΘ,

257 820 404 886 ΗΚ,
458 816 553 871 καὶ
606 817 854 888 γινέσθω
901 820 977 893 τῷ
1026 818 1129 889 μὲν
1160 816 1286 874 -ὑπὸ
1335 823 1521 874 ΑΗΚ
1563 825 1690 876 ἴσον
1736 818 1801 876 τὸ
1849 818 1957 875 ἀπὸ

257 909 388 974 ΖΗ,
427 907 502 980 τῷ
545 903 596 960 δ’
642 904 752 962 ὑπὸ
786 913 953 962 ΑΕΘ
994 914 1121 963 ἴσον
1160 908 1223 963 τὸ
1260 905 1367 963 ἀπὸ
1403 914 1537 963 ΔΕ·
1579 908 1673 964 διὰ
1705 907 1813 982 γὰρ
1844 916 1959 964 τῶν

256 999 328 1064 Α,
369 1001 450 1065 Δ,
493 1000 538 1049 Ζ
584 995 703 1067 ἥξει
742 992 776 1067 ἡ
817 993 1116 1069 ὑπερβολή.
1207 994 1413 1069 ὁμοίως
1452 996 1515 1053 δὲ
1553 996 1960 1053 κατασκευάσο-

257 1104 359 1154 μεν
398 1084 490 1138 καὶ
531 1082 599 1139 τὰ
639 1084 727 1140 ε’πὶ
766 1093 865 1155 τῆς
905 1086 1211 1152 ἐλλείψεως.

923 1251 1039 1313 Εἰς
1075 1247 1146 1304 τὸ
1185 1249 1291 1320 κγ’.

367 1356 478 1406 Δεῖ
513 1352 821 1422 ἐπιστῆσαι,
864 1349 949 1407 ὅτι
990 1353 1050 1407 ἐν
1089 1354 1155 1425 τῇ
1187 1351 1454 1425 προτάσει
1487 1352 1591 1409 δύο
1626 1355 1958 1427 διαμέτρους

255 1440 402 1511 λέγει
450 1437 553 1514 οὐχ
597 1438 782 1506 ἁπλῶς
820 1440 920 1506 τὰς
958 1441 1253 1512 τυχούσας,
1295 1439 1435 1497 ἀλλὰ
1476 1441 1572 1509 τὰς
1609 1444 1957 1514 καλουμένας

253 1533 530 1600 συζυγεῐς,
588 1522 669 1584 ὧν
725 1530 954 1603 ἑκατέρα
1008 1531 1156 1602 παρὰ
1213 1532 1557 1602 τεταγμένως
1602 1533 1953 1604 κατηγμένην

255 1609 415 1687 ἦκται
461 1618 554 1673 καὶ
602 1618 773 1689 μέσον
814 1618 988 1690 λόγον
1029 1623 1136 1691 ἔχει
1173 1621 1288 1675 τῶν
1327 1622 1429 1676 τοῦ
1469 1623 1656 1687 εἴδους
1693 1624 1954 1694 πλευρῶν

252 1708 349 1777 τῆς
398 1707 585 1778 ἑτέρας
633 1709 958 1780 διαμέτρου,
1013 1709 1107 1763 καὶ
1155 1707 1249 1765 διὰ
1296 1712 1462 1765 τοῦτο
1513 1713 1641 1783 δίχα
1685 1711 1951 1782 τέμνουσι

254 1794 354 1861 τὰς
386 1793 645 1867 ἀλλήλων
677 1799 1084 1870 παραλλήλους,
1116 1798 1193 1863 ὥς
1224 1799 1499 1854 δέδεικται
1524 1800 1585 1855 ἐν
1608 1803 1684 1874 τῷ
1717 1800 1788 1855 ιε’
1813 1807 1956 1856 θεω-

252 1883 467 1955 ρήματι.
562 1889 614 1940 εἰ
656 1884 764 1958 γὰρ
813 1885 886 1958 μὴ
944 1885 1119 1952 οὕτως
1173 1891 1395 1960 ληφθῇ,
1452 1887 1796 1960 συμβήσεται
1849 1888 1953 1961 τὴν

251 1972 453 2043 μεταξὺ
500 1971 733 2030 εὐθεῖαν
779 1978 894 2031 τῶν
944 1974 1049 2031 δύο
1098 1977 1411 2048 διαμέτρων
1457 1986 1524 2050 τῇ
1567 1976 1724 2052 ἑτέρα
1764 1974 1951 2034 αὐτῶν

250 2061 610 2134 παράλληλον
651 2061 815 2119 εἶναι·
858 2062 992 2136 ὅπερ
1034 2065 1135 2137 οὐχ
1175 2064 1476 2122 ὑπόκειται.

363 2152 552 2223 ἐπειδὴ
610 2152 672 2208 δὲ
724 2154 787 2209 τὸ
837 2158 903 2208 Η
942 2153 1132 2225 ἔγγιόν
1181 2156 1295 2210 ε’στι
1341 2158 1438 2226 τῆς
1486 2158 1806 2227 διχοτομίας
1850 2165 1950 2228 τῆς

249 2247 359 2295 ΑΒ
398 2239 537 2313 ἤπερ
576 2240 638 2297 τὸ
672 2248 736 2314 Θ,
776 2247 875 2297 καί
910 2244 1025 2298 ἐστι
1064 2242 1125 2299 τὸ
1167 2243 1270 2315 μὲν
1309 2241 1419 2300 ὑπο
1462 2249 1631 2300 ΒΗΑ
1669 2246 1804 2317 μετὰ
1845 2248 1948 2301 τοῦ

251 2329 359 2385 ἀπὸ
402 2334 542 2386 ΗΜ
581 2337 706 2387 ἴσον
753 2335 828 2407 τῷ
878 2329 985 2387 ἀπὸ
1026 2338 1179 2402 ΛΜ,
1225 2332 1288 2387 τὸ
1340 2332 1402 2388 δὲ
1448 2330 1558 2389 ὑπὸ
1606 2339 1772 2389 ΑΘΒ
1812 2332 1947 2405 μετὰ

377 2498 414 2535 1.
450 2490 633 2548 ἔλλιψιν
665 2493 739 2537 W.
893 2500 934 2539 5.
977 2495 1050 2554 H]
1093 2509 1118 2539 e
1150 2508 1267 2539 corr.
1299 2511 1343 2552 p.
1497 2502 1539 2540 6.
1582 2496 1654 2555 Η]
1696 2509 1721 2541 e
1754 2510 1869 2542 corr.
1901 2512 1948 2554 p.

308 2552 364 2608 τῇ
398 2551 512 2609 ΑΓ]
546 2567 639 2608 mg.
663 2567 710 2608 p.
819 2554 950 2625 ΕΘ]
969 2568 1084 2598 corn
1111 2568 1167 2599 ex
1191 2556 1293 2598 EH
1320 2554 1368 2598 in
1394 2554 1530 2600 scrib.
1557 2555 1630 2601 W.
1748 2560 1788 2601 7.
1821 2556 1948 2615 HK]

250 2611 356 2654 NK
381 2625 427 2667 p.
557 2612 642 2670 τῷ]
678 2611 866 2669 scripsi,
899 2611 952 2656 τό
985 2613 1101 2670 Wp.
1223 2611 1319 2687 τό]
1331 2614 1405 2669 W,
1437 2615 1500 2672 τῷ
1534 2630 1577 2671 p.
1702 2611 1821 2674 ἀπό]
1855 2629 1944 2660 om.

252 2670 364 2726 Wp,
399 2683 513 2715 corr.
549 2657 724 2715 Comm.
863 2676 904 2716 8.
937 2673 1022 2731 τῳ]
1056 2673 1234 2730 scripsi,
1267 2671 1320 2717 τό
1353 2673 1451 2730 Wp
1588 2672 1662 2733 τό]
1696 2673 1771 2729 W,
1803 2675 1866 2734 τῷ
1898 2691 1943 2732 Ρ.

311 2734 378 2775 16.
412 2729 662 2786 τέμνουσιν
695 2729 770 2774 W.
896 2734 963 2776 17.
999 2731 1084 2790 ιε’]
1119 2747 1207 2777 om.
1241 2731 1355 2788 Wp,
1389 2746 1504 2778 corr.
1536 2733 1706 2790 Halley
1738 2709 1942 2792 (esiam

248 2786 472 2848 πέμπτῳ).
622 2793 689 2835 18.
724 2805 854 2834 ουτω
885 2790 934 2834 in
966 2793 1078 2836 extr.
1112 2790 1238 2836 linea
1269 2790 1343 2848 W,
1375 2806 1420 2849 p.
1559 2797 1628 2837 21.
1663 2791 1737 2850 δέ]
1774 2806 1863 2837 om.
1897 2808 1942 2850 p.

310 2836 486 2906 εγγιον]
524 2866 540 2891 ι
573 2862 689 2893 corr.
723 2862 779 2893 ex
811 2864 853 2893 ει
884 2864 945 2893 m.
980 2854 1006 2893 2
1038 2851 1110 2894 W.
1245 2827 1370 2895 ἐστιν
1402 2851 1475 2896 W.
1606 2857 1676 2896 22.
1710 2852 1813 2910 ΑΒ]
1846 2856 1883 2895 Β
1916 2864 1941 2895 e

249 2920 367 2951 eoxr.
391 2922 437 2963 Ρ,
471 2911 575 2951 AM
592 2907 666 2953 W
784 2904 908 2953 ἐστιν
933 2908 1007 2954 W.
1125 2910 1282 2969 BHA]
1317 2910 1591 2967 BAHWp,
1626 2925 1740 2956 corr.
1767 2909 1942 2956 Comm.

309 2970 377 3012 23.
415 2966 547 3023 HM]
584 2969 675 3011 ΗΒ
708 2983 754 3025 Ρ.
875 2968 1001 3026 AM]
1038 2973 1119 3012 ΑΒ
1150 2984 1196 3026 Ρ.
