2046 3256
418 165 668 207 Eurocn
699 165 1136 208 COMMENTARIA
1165 165 1230 206 IN
1262 164 1498 207 coch.
1683 160 1785 214 207

106 287 210 352 est,
261 284 307 337 si
352 287 499 337 recta
548 283 614 336 ad
661 284 885 351 planum
935 284 1153 352 aliquod
1201 282 1660 352 perpendicularis
1709 282 1794 351 sit,

106 373 271 426 etiam
311 372 494 426 omnia
531 373 718 440 plana,
759 390 894 441 quae
932 390 1027 441 per
1068 391 1186 425 eam
1227 373 1504 440 ducantur,
1545 370 1611 423 ad
1648 369 1790 422 idem

11 483 19 522 ὴ
103 462 326 532 planum
374 460 836 530 perpendicularia
884 479 1013 513 esse.
1096 461 1374 529 obliquum
1421 478 1547 512 uero
1596 477 1791 512 conum

18 541 23 583 ²,
105 550 403 620 supposuit,
442 550 567 619 quia
607 550 663 602 in
703 552 848 602 recto
889 551 1108 618 planum
1148 550 1268 601 basi
1301 548 1618 618 parallelum
1649 546 1789 598 idem

7 1213 21 1310 »μω-ο
7 1114 14 1120 ·
7 1084 14 1101 A

105 640 187 690 est
226 640 386 706 atque
426 638 497 707 id,
536 638 677 707 quod
718 657 745 690 e
785 638 1056 691 contrario
1100 638 1323 691 ducitur.

215 729 491 795 praeterea
522 727 650 778 dicit
683 726 733 793 [I
766 745 815 794 p.
846 727 928 794 18,
954 726 1036 792 6];
1071 730 1322 779 secetur
1355 730 1566 780 autem
1599 727 1790 779 etiam

105 815 235 867 alio
281 815 472 883 plano
530 815 603 867 ad
649 815 1050 883 triangulum
1108 833 1218 882 per
1273 833 1448 867 axem
1504 815 1789 884 positum

103 903 645 971 perpendiculari,
708 903 875 971 quod
942 903 1015 955 ad
1078 904 1391 956 uerticem
1450 903 1793 955 abscindat

106 991 505 1061 triangulum
546 992 818 1043 similem
860 991 1193 1060 triangulo
1228 994 1407 1059 ΑΒΓ,
1449 991 1555 1044 sed
1589 1009 1616 1042 e
1649 1008 1792 1043 con-

811 1103 866 1144 Α
924 1079 1128 1131 trario
1169 1080 1466 1148 positum.
1528 1080 1630 1132 hoc
1663 1097 1789 1131 uero

922 1168 1001 1219 ita
1040 1169 1121 1219 fit:
1172 1167 1244 1218 sit
1283 1169 1452 1219 ΑΒΓ
1483 1167 1790 1236 triangulus

552 1281 613 1319 A
922 1274 1016 1324 per
1050 1274 1202 1308 axem
1242 1256 1467 1324 positUS‚
1508 1259 1562 1307 et
1601 1256 1657 1306 in
1682 1258 1789 1306 AB

927 1347 1168 1396 sumatur
1188 1346 1448 1411 punctum
1477 1343 1694 1411 aliquod
1719 1346 1790 1411 H,

923 1433 988 1485 ad
1020 1435 1143 1483 AH
1180 1435 1358 1484 autem
1398 1434 1600 1483 rectam
1641 1434 1694 1482 et
1732 1434 1793 1482 H

924 1524 1182 1588 punctum
1222 1521 1279 1571 in
1320 1539 1382 1572 ea
1422 1520 1660 1588 positum
1699 1537 1788 1571 an-

115 1603 164 1644 B
619 1607 673 1647 Γ
923 1610 1048 1678 gulo
1112 1610 1291 1660 ΑΓΒ
1366 1608 1604 1676 aequalis
1670 1625 1790 1659 con-

105 1694 344 1745 struatur
405 1698 439 1755 L
472 1696 605 1745 AH
614 1697 670 1746 K
724 1695 902 1760 [Eucl.
950 1696 999 1765 Ι,
1047 1697 1178 1764 23],
1248 1697 1430 1765 itaque
1487 1695 1789 1764 triangulus

105 1783 289 1833 AHK
339 1782 614 1851 triangulo
667 1786 838 1836 ΑΒΓ
885 1784 1074 1836 similis
1129 1788 1231 1853 est,
1288 1783 1380 1836 sed
1438 1801 1465 1834 e
1521 1783 1789 1836 contrario

104 1870 326 1937 positus.
396 1870 504 1922 iam
543 1871 600 1922 in
638 1874 760 1923 HK
797 1877 1055 1940 punctum
1097 1873 1315 1941 aliquod
1359 1874 1603 1925 sumatur
1637 1874 1695 1940 Ζ,
1736 1874 1790 1923 et

106 1974 137 2007 a
173 1959 217 2007 Z
258 1956 323 2008 ad
362 1957 586 2025 planum
628 1959 888 2027 trianguli
920 1961 1093 2011 ΑΒΓ
1122 1959 1576 2027 perpendicularis
1618 1960 1790 2027 eriga-

105 2047 192 2095 tur
225 2046 342 2112 ΖΘ,
382 2044 710 2114 ducaturque
749 2047 970 2114 planum
1010 2066 1104 2115 per
1138 2050 1270 2114 HK,
1313 2051 1426 2099 ΖΘ.
1481 2047 1583 2100 hoc
1619 2047 1790 2117 igitur

106 2136 327 2201 propter
374 2136 474 2185 ΖΘ
524 2134 590 2185 ad
637 2136 966 2203 triangulum
1015 2137 1183 2187 ΑΒΓ
1220 2135 1659 2203 perpendiculare
1708 2137 1791 2187 est

106 2223 161 2272 et
198 2221 538 2289 propositum
579 2222 759 2275 efficit.

216 2309 272 2360 in
319 2310 655 2363 conclusione
696 2310 825 2364 dicit
866 2311 913 2377 [I
952 2331 999 2379 p.
1038 2311 1127 2379 18,
1175 2312 1243 2364 27
1289 2313 1411 2379 sq.],
1458 2314 1678 2379 propter
1717 2311 1808 2363 si—-

667 1507 722 1548 K

23 2405 25 2407 ’
107 2397 462 2450 militudinem
503 2399 892 2468 triangulorum
940 2402 1129 2467 AZH‚
1171 2402 1339 2451 ΕΖΚ
1377 2416 1492 2451 esse

544 2490 1353 2543 AZ><ZE=HZ><ZK.

105 2572 221 2624 fieri
266 2576 445 2626 autem
484 2579 679 2644 potest,
720 2579 780 2627 ut
819 2576 921 2628 hoc
960 2576 1120 2627 etiam
1164 2576 1511 2628 similitudine
1551 2577 1788 2645 triangu-

106 2659 280 2712 lorum
320 2679 430 2713 non
469 2663 552 2715 usi
592 2663 1018 2716 demonstremus
1060 2664 1139 2715 ita
1176 2663 1581 2716 ratiocinantes:
1622 2682 1785 2732 quon-

106 2748 214 2800 iam
245 2752 468 2818 uterque
502 2752 730 2820 angulus
766 2755 881 2804 ΑΚ
889 2755 959 2817 Η,
993 2755 1167 2804 ΑΔΕ
1199 2753 1395 2821 angulo
1430 2751 1494 2803 ad
1527 2754 1574 2802 Β
1605 2750 1784 2819 posito

225 2937 278 2980 In
309 2938 383 2995 fig.
419 2941 452 2981 Z
484 2954 544 2983 m.
578 2953 663 2985 ree.
699 2939 772 2984 W.
