2046 3256
610 148 966 194 CONICORUM
995 152 1177 194 LIBER
1206 149 1286 196 IV.
1714 149 1786 202 95

62 329 64 331 ‚
212 286 340 340 ergo
364 269 423 322 in
441 269 705 335 omnibus,
729 287 864 340 quae
881 270 1176 341 excogitari
1191 271 1434 340 possunt,
1456 269 1785 323 distributio-

100 357 264 413 nibus
302 357 641 427 propositum
679 376 745 410 ex
784 358 1164 412 demonstratis
1205 358 1427 429 adparet
1442 356 1498 430 ¹).

844 604 847 607 Α
860 564 1030 620 LVII.

46 723 48 727 ,
212 665 270 720 Si
316 668 596 736 oppositae
644 668 920 738 oppositas
967 668 1027 720 in
1073 668 1281 722 duobus
1327 669 1540 738 punctis
1581 670 1785 722 contin-

34 767 55 823 g]
101 758 256 826 gunt,
293 756 351 808 in
383 756 490 810 alio
530 759 729 826 puncto
768 775 880 810 non
919 759 1250 811 concurrent.

35 841 47 915 J
173 844 319 897 ·sint
366 845 645 914 oppositae
692 849 822 915 AB,
855 847 910 898 Γ
902 849 958 897 Δ
1004 849 1057 899 et
1106 847 1305 899 alterae
1353 848 1473 915 AF,
1505 849 1631 915 EZ,
1675 847 1781 915 pri·

101 949 247 985 mum
288 935 489 1002 autem,
532 936 594 987 ut
631 934 689 987 in
724 934 901 1003 prima
938 934 1134 1004 figura,
1172 935 1228 988 in
1267 938 1334 1003 A,
1366 937 1418 987 Γ
1450 935 1783 1005 contingant.

22 1055 63 1090 ,3
211 1022 466 1089 quoniam
504 1022 672 1092 igitur
709 1025 824 1075 ΑΓ
856 1025 1139 1093 utramque
1177 1027 1310 1093 AB,
1335 1026 1437 1076 ΓΛ
1475 1024 1532 1076 in
1569 1023 1781 1091 punctis

7 1144 9 1146 -
48 1095 59 1175 J
99 1111 175 1179 A,
205 1110 259 1160 Γ
297 1110 584 1180 contingit,
630 1113 736 1162 EZ
784 1128 904 1164 cum
946 1114 1139 1165 neutra
1179 1112 1476 1166 sectionum
1515 1115 1647 1182 AB,
1679 1113 1782 1164 ΓΔ

45 1185 54 1250 ’ς
100 1201 374 1251 concurret
413 1201 585 1268 [prop.
624 1198 718 1266 LI]
736 1198 799 1270 2).

27 2033 39 2054 a
207 1976 315 2027 iam
369 1975 708 2045 contingant,
760 1978 821 2027 ut
873 1976 930 2027 in
982 1974 1156 2044 figura
1204 1974 1448 2028 secunda.
1532 1975 1779 2027 similiter

18 2080 38 2132 ᾗ]
99 2061 267 2133 igitur
313 2063 823 2131 demonstrabimus,
870 2066 972 2115 ΓΔ
1015 2081 1136 2116 cum
1175 2067 1278 2115 EZ
1316 2081 1428 2116 non
1467 2081 1777 2116 concurrere

101 2150 272 2222 [prop.
310 2149 461 2216 LIII]
481 2148 540 2220 3).

208 2238 316 2291 iam
356 2257 499 2306 uero,
539 2238 675 2291 sicut
705 2239 763 2291 in
793 2238 956 2292 tertia
986 2239 1173 2309 figura,
1213 2241 1314 2291 FA
1345 2240 1634 2292 sectionem
1667 2243 1775 2292 AB

14 2323 62 2382 ’ἦ
99 2325 155 2378 in
184 2331 237 2379 A
268 2327 561 2397 contingat,
594 2331 649 2378 A
680 2329 860 2380 autem
893 2327 1182 2380 sectionem
1213 2331 1316 2380 EZ
1347 2328 1405 2379 in
1429 2325 1549 2399 Z4).
1608 2346 1777 2398 quon-

99 2412 207 2467 iam
239 2415 406 2484 igitur
437 2416 551 2467 ΑΓ
575 2415 841 2485 contingit
864 2418 971 2467 AB
1004 2419 1214 2484 partem
1247 2434 1539 2469 conuexam
1571 2417 1775 2469 habens

218 2574 262 2629 1)
292 2572 403 2618 Tres
434 2574 610 2630 figurae
641 2573 838 2618 ultimae
870 2573 919 2618 in
950 2574 992 2618 V
1024 2574 1312 2632 deprauatae
1344 2577 1462 2620 sunt.

52 2631 93 2667 Ἀ
215 2632 261 2688 2)
297 2631 459 2689 Neque
490 2646 601 2678 uero
632 2636 725 2676 ΑΓ
752 2647 856 2678 cum
886 2637 921 2676 A
932 2636 982 2690 B,
1009 2636 1092 2677 ΓΔ
1130 2634 1178 2678 in
1208 2631 1420 2691 pluribus
1450 2634 1637 2691 punctis
1670 2647 1774 2678 con-

48 2719 61 2748 ?
101 2688 243 2734 currit
272 2692 421 2748 (prop.
445 2690 557 2748 XL).

217 2750 260 2805 3)
292 2749 455 2805 Neque
485 2763 596 2794 uero
628 2754 711 2793 AB
744 2763 849 2794 cum
882 2750 1108 2806 sectione,
1142 2764 1282 2807 quam
1315 2750 1561 2807 contingit,
1593 2749 1642 2793 in
1671 2750 1773 2807 plu-

98 2804 225 2850 ribus
255 2808 440 2863 punctis
473 2811 716 2854 concurret
747 2810 893 2866 (prop.
918 2809 1122 2867 XXVII).

9 2860 55 2929 ,Ἴέ
214 2865 370 2968 4)Πιὲ1;
407 2867 516 2923 hoc,
564 2869 782 2912 monente
822 2867 1179 2924 Commandino‚
1225 2867 1326 2911 fieri
1370 2881 1463 2911 non
1509 2867 1666 2923 potest
1713 2867 1772 2911 ob

97 2935 226 2981 prop.
360 2959 370 2970 .
