2046 3256
269 151 294 200 1
304 149 373 202 26
920 153 1300 195 FRAGMENTA.

264 266 560 339 γενόμεναι
611 269 698 324 ἐπὶ
744 267 845 325 τὸν
887 275 959 340 Ε,
1014 270 1232 342 Pappus
1273 291 1322 341 p.
1354 273 1405 340 4,
1449 271 1516 324 16
1534 289 1612 342 sq.
1690 270 1770 324 De
1811 274 1875 340 Z,
1906 274 1960 324 E

263 377 312 412 u.
353 359 546 428 fragm.
585 362 672 413 42.

375 463 463 517 41.
517 462 735 533 Pappus
774 463 845 531 II,
884 464 921 516 4
961 483 1009 533 p.
1042 466 1092 533 4,
1130 465 1195 518 19
1215 483 1314 534 sq.:

359 546 650 605 ''Eo‘toeo‘av
691 550 795 606 δύο
836 549 1073 623 ἀριθμοὶ
1115 553 1172 605 οί
1201 557 1270 620 Α,
1298 557 1363 620 Β,
1402 550 1494 606 καὶ
1536 549 1564 606 ὁ
1606 549 1709 622 μὲν
1741 558 1793 605 A
1824 548 1954 606 ὑπο-

203 653 229 692 5
261 641 471 693 κείσθω
529 639 780 695 ἐλάσσων
828 639 931 712 μὲν
978 639 1251 711 χιλιάδος,
1308 638 1683 711 μετρούμενος
1736 638 1798 695 δὲ
1843 637 1952 695 ὑπὸ

262 725 653 797 ἑκατοντάδος,
702 726 730 783 ὁ
782 727 843 783 δὲ
883 733 930 782 Β
979 727 1230 798 ἐλάσσων
1277 728 1378 800 μὲν
1427 725 1818 798 ἑκατοντάδος,
1866 750 1952 800 με·

184 829 189 833 ·
259 814 567 886 τρούμενος
608 816 668 872 δὲ
708 815 816 873 ὑπὸ
861 816 1113 887 δεκάδος,
1289 817 1380 872 καὶ
1422 817 1556 872 δέον
1596 821 1732 872 ἔστω
1764 818 1864 872 τὸν
1898 819 1953 884 ἐξ

262 903 448 959 αὐτῶν
497 903 748 977 ἀριθμὸν
796 909 970 961 εἰπεῖν
1009 905 1084 977 μὴ
1126 906 1693 961 πολλαπλασιάσαντα
1733 902 1951 972 αὐτούς.

373 995 453 1048 De
493 997 954 1050 demonstratione
994 996 1211 1067 Pappus
1252 1016 1302 1066 p.
1336 998 1384 1065 6,
1415 998 1475 1049 4:
1520 993 1582 1050 τὸ
1627 993 1688 1049 δὲ
1719 1016 1950 1067 γραμμι-

174 1096 227 1135 10
262 1083 366 1138 κὸν
408 1086 584 1153 δῆλον
626 1084 679 1149 ἐξ
721 1077 801 1139 ὧν
841 1085 1048 1149 ἔδειξεν
1084 1080 1467 1147 Ἀπολλώνιος.

369 1190 456 1242 42.
512 1189 729 1258 Pappus
768 1188 839 1254 II,
879 1189 914 1243 5
953 1208 1003 1258 p.
1036 1190 1085 1254 6,
1119 1190 1273 1259 6sq.:

364 1275 483 1331 Ἐπὶ
526 1275 587 1330 δὲ
633 1278 734 1331 τοῦ
783 1275 862 1346 ιη’
901 1275 1280 1347 θεωρήματος.
1348 1274 1530 1332 ’Ἑστω
1578 1280 1796 1348 πλῆθος
1835 1275 1947 1346 ἆρι-

256 1368 423 1436 θμοὸν
461 1363 521 1420 τό
564 1363 652 1436 ἐφ’
690 1357 772 1420 ὧν
811 1363 877 1419 τὰ
910 1373 980 1435 Α,
1022 1358 1102 1420 ὦν
1143 1365 1370 1430 ἕκαστος
1408 1364 1662 1421 ἐλάσσων
1693 1364 1795 1436 μὲν
1829 1367 1946 1422 ἑκα-

256 1453 546 1523 τοντάδος,
573 1452 949 1524 μετρούμενος
974 1453 1034 1509 δὲ
1060 1452 1168 1508 ὑπὸ
1195 1453 1445 1524 δεκάδος,
1469 1454 1560 1510 καὶ
1578 1453 1715 1510 ἄλλο
1731 1457 1951 1526 πλῆθος

169 1556 223 1594 15
255 1539 520 1612 ἀριθμῶν
568 1546 629 1598 τὸ
678 1540 767 1613 ἐφ’
813 1565 894 1597 ων
934 1542 1001 1597 τὰ
1041 1548 1113 1611 Β,
1166 1565 1247 1597 ων
1288 1544 1513 1608 ἕκαστος
1553 1542 1805 1598 ἐλάσσων
1845 1566 1947 1613 μεν

255 1629 531 1700 χιλιάδος,
583 1630 958 1701 μετρούμενος
997 1630 1058 1685 δε
1098 1628 1206 1685 ὑπὸ
1249 1630 1641 1699 ἑκατοντάδος,
1686 1633 1776 1687 καὶ
1817 1632 1949 1687 δέον

256 1721 394 1772 ἔστω
433 1721 533 1772 τὸν
573 1719 632 1773 ἐκ
670 1722 783 1773 τῶν
824 1715 913 1790 ἐφ’
959 1711 1039 1774 ὧν
1079 1721 1145 1774 τὰ
1186 1725 1256 1790 Α,
1291 1725 1336 1774 Β
1386 1723 1610 1790 στερεὸν
1658 1723 1832 1775 εἰπεῖν
1872 1719 1946 1792 μὴ

253 1805 816 1861 πολλαπλασιάσαντα
850 1805 1068 1873 αὐτούς.

367 1897 447 1950 De
495 1898 957 1951 demonstratione
1004 1898 1220 1968 Pappus
1261 1918 1309 1968 p.
1346 1899 1394 1966 6,
1431 1898 1497 1951 19
1517 1916 1617 1968 sq.:
1671 1896 1763 1951 καὶ
1803 1899 1946 1952 δείκ-

166 1998 222 2036 ‘20
256 1999 421 2039 νυσιν
470 1981 499 2039 ὁ
545 1982 914 2049 Ἀπολλώνιος
959 1988 1060 2040 τὸν
1099 1988 1157 2041 ἐκ
1203 1983 1428 2042 πάντων
1478 1994 1591 2041 τῶν
1632 1981 1719 2055 ἐφ’
1757 1978 1838 2041 ὧν
1876 1986 1943 2040 τὰ

256 2080 327 2142 Α,
353 2078 400 2126 Β
434 2077 660 2144 στερεὸν
690 2072 982 2145 μυριάδων
1014 2074 1319 2145 τοσούτων,
1361 2072 1489 2130 ὅσαι
1520 2074 1663 2129 εἰσὶν
1696 2076 1757 2130 ἐν
1787 2077 1863 2150 τῷ
1897 2080 1950 2129 E

259 2163 542 2232 [producto
582 2171 697 2218 τῶν
736 2163 1067 2233 πυθμένων]
1116 2162 1380 2234 μονάδες,
1429 2160 1743 2234 ὁμωνύμων
1783 2172 1857 2239 τῷ
1899 2167 1946 2216 Ζ

256 2247 480 2325 ἀριθμῷ
526 2254 640 2322 [qui
671 2254 888 2322 indicat,
922 2254 1132 2323 quoties
1164 2272 1418 2306 numerus
1449 2255 1486 2306 4
1517 2254 1773 2306 metiatur
1805 2272 1943 2307 sum-

252 2359 400 2393 mam
442 2342 803 2395 multitudinis
843 2361 1190 2395 numerorum
1229 2347 1283 2394 A
1329 2346 1383 2395 et
1422 2342 1726 2411 duplicatae
1765 2342 1945 2394 multi-

164 2439 219 2478 25
251 2430 454 2482 tudinis
502 2448 848 2482 numerorum
895 2433 984 2497 B].
1070 2430 1152 2483 De
1199 2431 1411 2484 casibus
1461 2429 1718 2498 secund0‚
1763 2430 1943 2498 tertio,

251 2520 443 2586 quarto
484 2515 703 2585 Pappus
751 2537 802 2585 p.
844 2519 893 2587 6,
933 2519 1003 2571 29
1024 2538 1123 2588 sq.:
1171 2513 1311 2571 ἀλλὰ
1358 2516 1426 2587 δὴ
1470 2514 1533 2570 τὸ
1573 2518 1792 2585 πλῆθος
1828 2518 1941 2570 τῶν

251 2602 339 2674 ἐφ’
378 2595 460 2658 ὦν
490 2603 557 2657 τὰ
591 2609 646 2658 Α
682 2608 1003 2675 προσλαβὸν
1043 2608 1141 2660 τὸν
1184 2607 1516 2660 διπλασίονα
1554 2613 1656 2659 τοῦ
1686 2602 1944 2674 πλήθους

249 2695 363 2746 τῶν
409 2688 499 2761 ἐφ’
543 2683 623 2745 ὧν
670 2690 735 2745 τὰ
783 2698 830 2746 Β
886 2693 1267 2765 μετρούμενον
1313 2690 1422 2747 ὑπὸ
1470 2691 1733 2763 τετράδος
1777 2713 1936 2746 κατα-

249 2781 477 2835 λειπέτω
510 2778 787 2852 πρότερον
823 2782 943 2835 ἕνα·
983 2781 1074 2835 καὶ
1109 2780 1340 2851 συνάγει
1375 2777 1403 2835 ὃ
1432 2779 1822 2850 Ἀπολλώνιος,
1855 2777 1941 2835 ὅτι

372 2948 440 2987 12.
474 2940 566 3001 ιη’]
601 2956 690 2986 om.
725 2942 857 2986 codd.
