1976 3224
523 110 880 155 CONICORUM
909 111 1090 153 LIBER
1119 112 1197 154 IV.
1628 109 1700 162 65

163 323 193 338 ,
759 287 952 340 XLIII.

130 404 187 458 Si
231 405 530 475 hyperbola
575 407 857 475 utramque
906 404 1212 473 oppositam
1259 404 1317 457 in
1355 403 1495 457 binis
1535 422 1702 472 punc-

18 495 89 546 fs
137 495 283 547 secat
318 496 529 563 partem
570 511 864 547 connexam
903 493 1117 562 utrique
1158 491 1442 546 aduersam
1479 492 1702 560 habens,

14 616 21 621 „
47 582 186 636 ectio
257 581 306 634 ei
367 581 615 650 opposita
684 599 805 634 cum
873 583 1066 634 neutra
1135 579 1507 649 oppositarum
1576 598 1703 634 con-

49 673 209 724 urret.

11 803 14 821 2
101 772 242 826 'sint
280 772 561 842 oppositae
602 776 677 841 A,
708 775 777 841 B,
817 775 870 825 et
908 772 1207 841 hyperbola
1246 773 1464 823 ΓΑΒΔ
1502 773 1700 823 utram-

9 879 120 931 que
174 865 247 927 A,
285 864 332 913 B
389 862 531 914 secet
583 860 640 913 in
692 860 832 913 binis
887 860 1101 928 punctis
1148 861 1357 927 partem
1404 877 1703 912 connexam

14 948 301 1002 aduersam
346 948 567 1001 habens
644 948 785 1018 dicO,
834 948 1125 1001 sectionem
1166 948 1213 1000 ei
1253 947 1559 1016 oppositam
1598 949 1703 998 EZ

11 1046 17 1050 ”
38 1055 141 1089 zum
179 1038 369 1090 neutra
407 1036 704 1090 sectionum
744 1041 818 1106 A,
849 1040 895 1088 Β
937 1053 1266 1090 concurrere.

130 1157 256 1192 nam
296 1139 342 1192 si
379 1139 496 1192 fieri
533 1141 728 1209 potest,
767 1157 888 1192 cum
920 1142 973 1190 A
1003 1138 1058 1190 in
1090 1141 1143 1190 E
1171 1141 1468 1207 concurrat,
1508 1138 1704 1191 ducan-

0 1289 2 1291 ,
35 1245 211 1296 aurque
235 1228 350 1296 ΓΑ,
372 1230 482 1279 AB
515 1230 570 1279 et
598 1228 981 1295 producantur3
1014 1228 1336 1278 concurrent
1366 1226 1532 1295 igitur
1562 1225 1705 1279 inter

0 1364 3 1389 ἱ
33 1333 79 1368 {e
120 1314 218 1384 [II,
257 1314 368 1380 25].
446 1316 768 1367 concurrant
805 1314 862 1365 in
900 1317 968 1382 Θ;
1010 1317 1056 1365 Θ
1094 1314 1262 1382 igitur
1300 1313 1358 1366 in
1398 1313 1594 1381 angulo
1636 1313 1703 1365 ab

0 1392 348 1471 Tzasymptotis
383 1402 629 1455 sectionis
661 1404 882 1454 ΓΑΒΔ
914 1401 1299 1470 comprehenso
1331 1400 1571 1470 positum
1603 1401 1706 1454 erit

0 1489 115 1560 511,
154 1489 266 1556 25].
328 1493 382 1542 et
421 1490 586 1543 sectio
628 1490 740 1543 eius
780 1489 1034 1559 opposita
1064 1492 1144 1543 est
1175 1490 1302 1558 EZ;
1342 1489 1526 1558 itaque
1558 1491 1706 1542 recta

28 1577 91 1630 ab
137 1581 190 1630 E
234 1577 301 1631 ad
347 1581 394 1630 Θ
440 1577 600 1631 ducta
646 1577 791 1631 intra
841 1579 1095 1648 angulum
1143 1578 1210 1630 ab
1258 1581 1386 1647 ΑΘ,
1417 1581 1519 1630 ΘΒ
1566 1594 1706 1629 com-

0 1666 347 1734 :prehensum
402 1665 569 1720 cadet.
652 1684 837 1718 rursus
893 1665 1147 1735 quoniam
1193 1668 1356 1718 ΓΑΕ
1405 1665 1706 1734 hyperbola

0 1743 7 1803 ,Ῐ
25 1756 119 1822 est,
159 1755 212 1806 et
244 1755 408 1818 ΓΑΘ,
442 1757 549 1806 ΘΕ
585 1757 926 1824 concurrunt,
962 1756 1160 1821 puncta
1199 1756 1379 1806 autem
1420 1771 1705 1806 concursus

0 1855 2 1888 ἰ
69 1883 83 1909 ,
109 1845 160 1893 A
189 1845 445 1910 punctum
470 1844 523 1893 E
549 1860 660 1894 non
688 1842 980 1911 continent,
1011 1844 1271 1910 punctum
1295 1845 1342 1893 Θ
1364 1841 1508 1894 intra
1533 1859 1706 1910 asym-

0 1954 3 1965 >
61 1931 205 1982 totas
253 1929 505 1982 sectionis
553 1931 714 1981 ΓΑΕ
756 1929 993 1998 positum
1041 1926 1212 2000 eritl).
1288 1932 1341 1981 et
1382 1932 1493 1981 BA
1540 1929 1705 1982 sectio

27 2015 137 2068 eius
179 2017 429 2085 opposita
468 2019 573 2086 est3
612 2017 795 2086 itaque
835 2019 982 2070 recta
1021 2036 1051 2069 a
1090 2020 1136 2069 B
1178 2017 1244 2070 ad
1275 2021 1322 2069 Θ
1360 2017 1520 2070 ducta
1558 2017 1706 2070 intra

28 2104 285 2173 angulum
318 2106 479 2156 ΓΘΕ
507 2103 683 2172 cadet,
723 2104 863 2173 quod
896 2104 1184 2157 absurdum
1216 2107 1320 2174 est3
1357 2123 1483 2156 nam
1523 2104 1706 2157 eadem

27 2190 85 2242 in
131 2193 385 2260 angulum
424 2195 586 2244 ΑΘΒ
638 2191 875 2245 cadebat.
962 2209 1089 2261 ergo
1129 2196 1226 2244 ΕΖ
1273 2210 1392 2244 cum
1441 2193 1705 2245 alterutra

31 2278 326 2331 sectionum
364 2283 439 2347 A,
471 2283 517 2332 Β
556 2297 667 2332 non
707 2283 999 2333 concurret.

149 2523 191 2579 1)
220 2522 320 2568 Hoc
353 2537 409 2568 ex
439 2523 495 2580 II,
529 2528 585 2568 25
617 2525 718 2568 tum
750 2525 937 2569 demum
967 2538 1130 2569 uerum
1162 2527 1302 2581 esset,
1340 2526 1380 2570 si
1415 2527 1506 2570 ΘΕ
1540 2525 1705 2570 sectio-

30 2593 139 2624 nem
170 2583 256 2624 AE
289 2583 371 2626 aut
401 2583 694 2639 contingeret
726 2586 807 2628 aut
836 2583 886 2627 in
917 2585 1094 2629 duobus
1126 2583 1312 2642 punctis
1346 2587 1546 2639 secaret,
1580 2585 1705 2639 quod

29 2652 154 2682 nunc
177 2652 271 2682 non
289 2641 484 2684 constat.
532 2644 774 2697 praeterea
797 2642 845 2685 in
869 2643 1165 2697 sequentibus
1190 2642 1287 2686 sine
1308 2642 1704 2687 demonstratione

32 2696 328 2753 supponitur,
378 2701 515 2743 ΕΘΒ
557 2714 698 2744 unam
730 2714 829 2744 esse
860 2703 1037 2745 rectam
1076 2703 1143 2758 (et
1171 2701 1239 2745 ita
1270 2702 1340 2745 est
1368 2701 1415 2744 in
1448 2701 1596 2757 figura
1627 2713 1706 2744 co-

32 2753 148 2798 dicis
179 2756 252 2810 V).
322 2757 483 2813 itaque
515 2758 848 2803 demonstratio
889 2758 1009 2804 falsa
1049 2761 1140 2812 est,
1181 2760 1262 2803 sed
1291 2760 1395 2803 tota
1426 2759 1704 2814 damnanda,

28 2825 142 2914 &nd
158 2812 327 2857 ultima
364 2829 472 2871 pars
511 2829 616 2860 cum
656 2817 989 2863 Commandino
1031 2819 1079 2862 et
1108 2817 1294 2862 Halleio
1335 2817 1560 2862 uiolenter
1602 2833 1706 2861 mu-

81 2883 112 2912 n
145 2885 185 2914 a.

120 2950 430 2996 Apollonius,
461 2955 517 2988 ed.
541 2956 719 2996 Heiberg.
753 2957 804 2988 ΙΙ.
1410 2952 1435 2991 5
