2046 3256
239 110 350 164 162
712 111 1150 155 COMMENTARIA
1179 111 1462 164 ANTIQUA.

236 231 315 304 τῷ
357 229 445 295 δὶς
483 227 592 285 ἀπὸ
627 234 755 299 ΛΒ,
796 229 859 285 τὸ
903 227 965 284 δὲ
1005 228 1092 294 δὶς
1129 225 1240 284 ἀπὸ
1274 234 1382 284 ΑΒ
1424 235 1550 302 ἴσον
1591 226 1742 284 ἐστὶν
1771 235 1848 304 τῷ
1879 248 1939 284 τε

238 318 329 384 δὶς
353 315 461 374 ὑπὸ
481 322 653 373 ΑΕΓ
669 318 759 372 καὶ
785 320 862 392 τῷ
889 317 975 383 δὶς
992 314 1102 373 ἀπὸ
1122 323 1225 372 ΕΒ
1250 315 1578 393 τετραγώνῳ
1599 317 1851 388 [Eu01.11‚
1865 318 1940 386 5].

358 435 419 502 ζ’.
464 432 589 506 ’Ίση
630 433 664 507 ἡ
706 441 814 491 ΑΒ
853 438 918 509 τῇ
961 440 1080 506 ΓΔ,
1119 435 1212 490 καὶ
1252 445 1484 506 σημεῖον
1523 433 1586 491 τὸ
1625 441 1695 490 Ε·
1747 432 1832 491 ὅτι
1870 434 1937 490 τὰ

241 521 351 580 ἀπὸ
375 527 489 580 τῶν
514 531 642 596 ΑΕ,
670 531 783 580 EA
814 524 1132 597 τετράγωνα
1165 532 1257 580 ἴσα
1282 535 1399 590 τοῖς
1423 521 1532 580 ἀπὸ
1556 526 1669 580 τῶν
1692 529 1817 595 ΒΕ,
1834 529 1948 581 ΕΓ

183 627 210 667 5
241 612 612 687 τετραγώνοις
649 613 743 669 καὶ
781 617 858 690 τῷ
900 613 987 679 δὶς
1024 611 1135 669 ὑπὸ
1175 616 1288 669 τῶν
1330 618 1507 668 ΑΓΔ.

583 719 1611 806 Ὴέῗῑέ

355 835 647 907 τετμήσθω
690 839 818 907 δίχα
856 834 890 907 ἡ
926 840 1036 890 ΒΓ
1067 833 1204 890 κατὰ
1245 834 1308 891 τὸ
1343 842 1400 892 Ζ.
1465 835 1579 892 ἐπεὶ
1621 827 1724 892 οὖν
1756 834 1819 892 τὸ
1854 835 1943 902 δὶς

243 923 353 981 ἀπὸ
393 929 490 996 τῆς
530 930 641 979 AZ
682 932 808 980 ἴσον
848 924 999 980 ἐστὶν
1039 933 1113 999 τῷ
1153 947 1211 980 τε
1252 925 1339 990 δὶς
1377 922 1486 981 ὑπὸ
1520 929 1686 980 ΑΓΔ
1722 924 1815 980 καὶ
1855 925 1942 990 δὶς

243 1012 354 1070 ἀπὸ
395 1018 495 1069 ΓΖ
545 1014 823 1084 [Eucl.11‚
863 1015 949 1083 5],
1006 1016 1204 1069 κοινοῦ
1253 1013 1660 1086 προστεθέντος
1704 1015 1807 1070 τοῦ
1855 1013 1942 1079 δὶς

244 1101 355 1158 ἀπὸ
398 1109 503 1157 ΕΖ
552 1110 679 1158 ἴσον
728 1089 879 1158 ἐστὶν
918 1102 980 1157 τό
1019 1124 1075 1158 τε
1125 1101 1211 1168 δὶς
1256 1100 1365 1158 ὑπὸ
1407 1107 1574 1158 ΑΓΛ
1617 1102 1710 1158 καὶ
1748 1104 1815 1158 τὰ
1856 1103 1943 1168 δὶς

156 1204 214 1244 10
245 1190 355 1247 ἀπὸ
402 1195 517 1246 τῶν
559 1195 726 1246 ΕΖΓ
762 1202 879 1256 τοῖς
927 1191 1014 1256 δὶς
1061 1189 1168 1246 ἀπὸ
1207 1193 1321 1246 τῶν
1362 1196 1492 1262 ΛΖ,
1525 1197 1636 1262 ΖΕ
1677 1190 1943 1264 τετραγώ-

244 1303 384 1346 νοις.
454 1278 594 1335 ἀλλὰ
634 1290 750 1345 τοῖς
789 1279 891 1351 μὲν
932 1281 1018 1346 δὶς
1056 1277 1163 1335 ἀπὸ
1203 1283 1316 1335 τῶν
1356 1285 1486 1351 ΛΖ,
1518 1285 1629 1335 ΖΕ
1665 1287 1759 1335 ἴσα
1791 1281 1942 1336 ἐστὶν

244 1369 312 1426 τὰ
345 1369 455 1425 ἀπὸ
488 1370 602 1424 τῶν
633 1374 763 1439 ΑΕ,
793 1375 908 1423 EA
945 1367 1284 1442 τετράγωνα,
1323 1379 1441 1434 τοῖς
1473 1368 1535 1424 δὲ
1569 1369 1655 1434 δὶς
1687 1365 1795 1425 ἀπὸ
1829 1372 1943 1424 τῶν

247 1464 368 1528 ΓΖ,
402 1464 510 1513 ΖΕ
554 1464 646 1512 ἴσα
693 1457 845 1513 ἐστὶν
890 1455 956 1513 τὰ
1005 1454 1112 1513 ἀπὸ
1160 1466 1274 1512 τῶν
1314 1463 1443 1528 ΒΕ,
1476 1462 1589 1512 ΕΓ
1624 1456 1943 1529 τετράγωνα

249 1550 424 1617 [Eucl.
456 1547 527 1617 II,
574 1549 686 1615 10]·
740 1544 808 1601 τὰ
856 1544 965 1617 ἄρα
1013 1544 1119 1602 ἀπὸ
1160 1549 1274 1601 τῶν
1312 1552 1441 1616 ΑΕ,
1475 1552 1589 1601 EA
1625 1546 1945 1619 τετράγωνα

161 1648 215 1687 15
249 1644 343 1692 ἴσα
385 1635 534 1691 ἐστὶν
574 1645 690 1700 τοῖς
728 1656 786 1690 τε
829 1632 939 1690 ἀπὸ
979 1637 1094 1690 τῶν
1133 1641 1256 1706 ΒΕ,
1290 1640 1401 1690 ΕΓ
1439 1633 1808 1707 τετραγώνοις
1851 1634 1944 1690 καὶ

248 1728 323 1801 τῷ
366 1724 453 1789 δὶς
490 1721 598 1779 ὑπὸ
639 1726 753 1779 τῶν
791 1728 970 1778 ΑΓΔ.

361 1844 434 1913 η’.
481 1842 661 1897 ’Ἑστω
707 1840 769 1897 τὸ
820 1839 931 1897 ὑπὸ
973 1846 1136 1896 ΒΑΓ
1185 1840 1320 1912 μετὰ
1364 1845 1465 1898 τοῦ
1513 1840 1622 1897 ἀπὸ
1664 1846 1768 1897 ΓΔ
1819 1848 1945 1897 ἴσον

247 1934 325 2007 τῷ
368 1927 475 1986 ἀπὸ
517 1936 647 1985 AA·
688 1928 774 1985 ὅτι
814 1936 905 2000 ἴση
949 1930 1098 1986 ἐστὶν
1138 1927 1171 2001 ἡ
1213 1935 1316 1985 ΓΔ
1346 1934 1413 2004 τῇ
1455 1937 1581 1986 AB.

740 2037 776 2075 A
868 2036 909 2076 Γ
1145 2036 1187 2076 Λ
1422 2036 1457 2076 Β

1435 2092 1439 2121 Ι

362 2149 557 2206 κοινὸν
597 2147 705 2222 γὰρ
747 2148 1064 2223 ἀφῃρήσθω
1104 2149 1166 2206 τὸ
1205 2149 1312 2206 ἀπὸ
1346 2155 1471 2206 ΓΛ·
1511 2148 1711 2206 λοιπὸν
1744 2148 1853 2222 ἄρα
1883 2149 1946 2206 τὸ

158 2254 219 2294 20
251 2237 362 2295 ὑπὸ
398 2243 562 2294 ΒΑΓ
596 2245 722 2294 ἴσον
763 2239 878 2294 ἐστὶ
918 2250 1034 2305 τοῖς
1073 2237 1182 2295 ὑπὸ
1223 2242 1338 2295 τῶν
1373 2243 1545 2310 ΛΑΓ,
1578 2243 1743 2294 ΑΓΔ
1775 2241 1948 2308 [Eucl.
2016 2305 2021 2310 j

252 2330 324 2398 II,
355 2331 414 2399 23
453 2329 520 2398 ΙΙ,
553 2331 629 2396 3].
701 2327 816 2382 ἐπεὶ
858 2327 920 2383 δὲ
960 2327 1020 2383 τὸ
1061 2326 1170 2383 ὑπὸ
1203 2333 1376 2383 ΒΑΓ
1409 2334 1535 2383 ἴσον
1568 2326 1682 2383 ἐστὶ
1720 2330 1796 2403 τῷ
1836 2325 1944 2382 ὑπὸ

250 2420 425 2471 ΔΑΓ
463 2415 555 2469 καὶ
594 2418 670 2488 τῷ
709 2413 818 2470 ὑπὸ
862 2421 984 2486 ΒΔ,
1016 2421 1134 2472 ΑΓ
1167 2419 1340 2485 [Eucl.
1373 2418 1444 2488 ΙΙ,
1478 2419 1561 2485 1],
1607 2413 1803 2471 κοινὸν
1843 2414 1947 2486 ἀφ-

251 2503 489 2578 ῃρήσθω
528 2501 590 2558 τὸ
632 2500 741 2558 ὑπὸ
785 2509 976 2559 ΛΑΓ·
1032 2503 1230 2560 λοιπὸν
1277 2503 1384 2576 ἄρα
1423 2502 1486 2560 τὸ
1526 2502 1633 2559 ὑπὸ
1676 2508 1801 2574 ΑΓ,
1837 2509 1947 2558 AB

375 2671 416 2711 8.
464 2664 648 2723 κοινοῦ]
690 2664 881 2720 HaHey,
931 2662 1048 2711 ἀλλὰ
1080 2670 1245 2711 κοινοῦ
1285 2666 1444 2722 οοᾶᾶη
1493 2666 1659 2710 κοινοῦ
1692 2661 1788 2723 ἄρα
1828 2664 1946 2708 coni.

252 2725 467 2770 Hultsch.
616 2727 683 2768 10.
717 2724 881 2782 ΕΖΓ]
918 2728 1013 2780 ΓΖ,
1042 2729 1127 2769 ΖΕ
1157 2725 1358 2770 Hultsch
1390 2739 1494 2769 cum
1527 2723 1728 2769 Halleio.
1876 2727 1946 2767 19.

254 2782 421 2829 λοιπόν
453 2809 506 2815 -
542 2787 612 2827 23.
647 2783 820 2840 ΔΑΓ]
865 2797 954 2827 om.
988 2785 1121 2829 codd.
1135 2799 1303 2854 ‚supp
1305 2784 1423 2828 lenit
1455 2783 1654 2828 Hultseh
1693 2785 1949 2853 praeeunte

254 2843 442 2888 Halleio
476 2844 604 2914 (ante
635 2846 733 2892 τοῖς
763 2841 844 2886 lin.
879 2846 934 2887 20
969 2820 1172 2888 addunt.
1213 2845 1267 2903 τῇ
1301 2845 1395 2888 τῶν
1428 2837 1523 2886 απὸ
1556 2845 1660 2899 ΑΔ,
1684 2846 1726 2885 A
1738 2843 1782 2884 Γ
1808 2855 1947 2896 νπερ-

252 2903 356 2960 οχῇ,
389 2899 660 2956 τουτέστιν).
