2046 3256
741 782 813 835 In
851 782 1086 836 librum
1124 782 1165 836 I.

225 900 550 970 Apollonius
599 904 896 971 geometra,
947 901 1273 954 amicissime
1321 902 1455 954 mihi
1494 901 1801 972 Anthemie,

116 1008 179 1042 ex
216 989 390 1059 Perga
429 990 560 1042 urbe
600 989 952 1059 Pamphyliae
993 989 1251 1042 oriundus
1292 990 1427 1042 vixit
1465 991 1799 1058 temporibus

118 1077 415 1131 Ptolemaei
453 1078 778 1147 Euergetas,
825 1081 885 1130 ut
926 1081 1113 1130 narrat
1151 1076 1455 1145 Heraclius,
1503 1079 1594 1146 qui
1632 1078 1799 1131 vitam

117 1166 333 1234 scripsit
371 1166 735 1236 Archimedis3
774 1166 914 1218 idem
955 1166 1108 1235 dicit,
1146 1166 1545 1235 propositiones
1586 1167 1801 1219 conicas

114 1254 349 1322 primum
403 1255 678 1307 inuenisse
735 1254 1133 1323 Archimedem,
1197 1253 1551 1322 Apollonium
1606 1258 1800 1320 autem,

117 1360 237 1395 cum
293 1361 383 1395 eas
440 1343 507 1395 ab
562 1341 883 1396 Archimede
938 1361 1047 1395 non
1103 1342 1273 1394 editas
1323 1343 1633 1412 reperisset,
1699 1343 1801 1395 sibi

118 1431 432 1501 adrogasse3
486 1431 579 1483 sed
624 1449 745 1483 mea
792 1431 1005 1500 quidem
1055 1432 1324 1483 sententia
1371 1429 1595 1483 fallitur.
1673 1449 1801 1482 nam

119 1521 173 1571 et
223 1519 466 1589 adparet,
529 1518 908 1572 Archimedem
966 1536 1126 1586 saepe
1181 1518 1448 1570 elementa
1504 1519 1689 1571 conica
1741 1522 1804 1571 ut

31 1667 41 1679 ·
119 1607 423 1675 antiquiora
462 1625 901 1676 commemorare,
942 1609 996 1658 et
1027 1605 1352 1674 Apollonius
1394 1624 1490 1658 sua
1520 1606 1689 1674 ipsius
1722 1607 1803 1658 in-

117 1697 279 1747 uenta
334 1713 390 1747 se
446 1713 715 1764 exponere
771 1694 990 1746 minime
1038 1695 1344 1763 profitetur3
1402 1694 1642 1762 alioquin
1692 1713 1802 1747 non

121 1781 342 1835 dixisset
388 1782 436 1848 [I
473 1801 523 1851 p.
563 1783 613 1851 4,
654 1782 846 1851 3—5]‚
901 1800 956 1835 se
1013 1800 1075 1834 ea
1128 1783 1293 1834 latius
1342 1781 1802 1851 uniuersaliusque

121 1870 445 1939 exposuisse,
479 1888 640 1939 quam
674 1888 808 1938 quae
842 1871 1004 1923 ceteri
1037 1870 1100 1922 de
1133 1870 1198 1923 iis
1233 1870 1590 1939 scripsissent.
1637 1871 1804 1924 immo

126 1955 382 2010 Geminus
429 1976 615 2011 uerum
661 1958 822 2026 uidit,
868 1962 1098 2027 uetereS,
1146 1959 1238 2027 qui
1286 1977 1479 2011 conum
1519 1958 1806 2011 definirent

124 2048 300 2098 ortum
319 2046 731 2099 circumactione
749 2046 1009 2115 trianguli
1032 2046 1333 2115 rectanguli
1356 2049 1606 2098 manente
1633 2047 1802 2099 altero

118 2133 287 2185 latere
327 2152 526 2202 eorum,
567 2151 703 2201 quae
745 2134 1001 2202 angulum
1040 2138 1247 2186 rectum
1280 2134 1804 2202 comprehenderent,

119 2221 234 2272 iure
283 2239 469 2274 omnes
519 2239 681 2274 conos
728 2224 904 2273 rectos
952 2221 1069 2273 fieri
1114 2224 1331 2289 putasse
1379 2223 1433 2272 et
1479 2221 1535 2273 in
1576 2221 1804 2290 singulis

120 2326 283 2369 unam
323 2308 454 2361 oriri
493 2308 800 2376 sectionem,
839 2307 895 2359 in
934 2308 1247 2377 rectangulo
1289 2325 1422 2375 eam,
1463 2326 1621 2376 quam
1659 2327 1803 2362 nunc

118 2523 321 2596 γέγονεν
351 2525 426 2571 W.
575 2525 657 2580 τῆς
690 2521 740 2569 ἐν
771 2525 1053 2596 Παμφυλίᾳ]
1095 2539 1148 2581 p,
1191 2523 1239 2568 in
1271 2538 1359 2569 ras
1391 2541 1452 2570 m.
1488 2530 1510 2568 1
1543 2525 1618 2572 W.
1762 2531 1801 2570 7.

118 2580 407 2641 Ηράκλειος]
433 2598 479 2640 p,
512 2599 667 2634 -ειος
692 2583 787 2627 W1.
910 2587 951 2627 8.
981 2570 1300 2655 Ἀ’ρχημήδους,
1336 2601 1357 2633 ς
1380 2583 1429 2627 in
1453 2588 1696 2639 rae.m.1‚
1728 2585 1804 2640 W,

126 2642 204 2686 sed
237 2655 348 2686 corr.
485 2659 697 2716 γραφῶν,
732 2637 781 2693 ὂς
812 2643 921 2699 καί]
954 2657 1000 2698 Ρ,
1033 2659 1119 2685 -ν
1151 2638 1204 2694 ὃς
1235 2641 1442 2686 uatW1.
1597 2647 1636 2685 9.
1669 2640 1801 2698 Ἀρχι-

121 2699 276 2756 μήδην
307 2716 354 2772 p.
491 2705 560 2745 10.
594 2698 803 2759 εὑρώντα
833 2700 907 2755 W,
942 2701 1022 2745 sed
1055 2714 1168 2745 corr.
1301 2705 1371 2744 12.
1406 2697 1522 2757 ἐμὴν
1554 2703 1724 2755 γνῶσιν
1756 2716 1801 2756 p.

184 2763 251 2803 15.
300 2756 372 2815 οὗ]
414 2773 561 2816 comp.
597 2773 620 2803 e
661 2774 776 2804 corr.
809 2775 853 2815 p
1007 2764 1076 2803 17.
1126 2759 1346 2816 Γεμῖνος]
1386 2774 1449 2813 w,
1499 2761 1696 2814 Γεμινος
1727 2759 1802 2815 W,

125 2819 324 2874 Γεμίνος
355 2833 399 2874 p.
553 2821 621 2863 18.
661 2818 881 2875 παλαιοί]
915 2832 967 2874 p,
1011 2819 1119 2862 -οί
1144 2818 1240 2862 W1.
1391 2816 1566 2874 κῶνον]
1600 2831 1712 2861 corr.
1747 2832 1804 2862 ex

122 2878 288 2919 λωνιον
321 2891 380 2920 m.
407 2881 430 2919 1
457 2877 530 2920 W.
637 2879 920 2933 -θογωνίου
953 2877 1003 2919 in
1033 2890 1122 2921 ras.
1148 2891 1207 2920 m.
1236 2881 1258 2919 1
1284 2874 1357 2918 W.
1472 2880 1539 2920 19.
1574 2873 1802 2931 μενούσης

122 2934 251 2991 μιᾶς]
267 2949 319 2990 Ρ;
343 2949 471 2991 -σης
488 2936 596 2992 μιᾶς
612 2935 695 2979 W¹
713 2950 806 2990 seq.
824 2934 997 2979 lineola
1014 2937 1292 2979 transuersa.
1380 2939 1448 2978 21.
1468 2934 1712 2990 γείνεσθαι
1726 2935 1802 2979 W.
