2046 3256
152 1071 207 1111 10

155 1516 207 1555 15

151 1960 209 2000 20

154 2403 211 2443 25

240 141 352 194 210
715 142 1156 186 COMMENTARIA
1185 142 1468 195 ANTIQUA.

239 258 349 316 ὑπὸ
390 265 454 315 H
460 263 572 314 ZK
618 264 744 314 ἴσον
792 256 1078 314 ὑπόκειται
1125 262 1200 335 τῷ
1249 256 1357 315 ἀπὸ
1399 265 1524 315 ΘΖ·
1571 260 1635 315 τὸ
1682 258 1792 329 ἄρα
1830 256 1941 316 ἀπὸ

240 353 343 405 ΘΖ
391 348 526 420 μετὰ
573 351 674 404 τοῦ
721 344 830 403 ἀπὸ
867 353 980 403 ΝΖ
1029 355 1156 404 ἴσον
1205 348 1320 404 ἐστὶ
1364 351 1440 423 τῷ
1488 346 1596 404 ἀπὸ
1637 353 1773 404 ΝΚ.
1849 356 1942 405 ἴσα

241 441 308 495 δέ
345 440 460 494 ἐστι
499 438 565 492 τὰ
601 435 709 493 ἀπὸ
741 442 862 506 ΘΖ,
896 442 1014 492 ΖΝ
1039 440 1114 512 τῷ
1149 435 1257 492 ἀπὸ
1290 443 1424 493 ΝΘ·
1466 434 1616 511 ὀρθὴ
1647 438 1754 508 γάρ
1788 439 1940 494 ἐστιν

238 525 273 599 ἡ
314 526 454 598 πρὸς
491 529 567 603 τῷ
603 533 669 582 Ζ·
710 529 772 581 τὸ
813 526 922 599 ἄρα
959 524 1066 582 ἀπὸ
1099 532 1214 582 ΝΘ
1246 534 1371 582 ἴσον
1404 526 1518 582 ἐστὶ
1549 529 1626 602 τῷ
1660 525 1770 582 ἀπὸ
1801 532 1942 582 ΝΚ.

243 614 448 688 ὁμοίως
498 615 566 687 δὴ
618 616 900 686 δείξομεν,
953 615 1038 670 ὅτι
1086 616 1179 670 καὶ
1224 618 1286 670 τὸ
1335 612 1443 671 ἀπὸ
1491 620 1607 670 ΝΟ
1654 622 1780 671 ἴσον
1827 615 1942 672 ἐστὶ

238 708 313 779 τῷ
354 701 463 759 ἀπὸ
504 710 639 760 NK.
702 703 906 769 κύκλος
938 704 1048 775 ἄρα
1083 704 1234 759 ἐστὶν
1267 701 1301 775 ἡ
1337 710 1515 762 ΗΘΚ
1545 703 1790 777 γραμμή,
1823 704 1944 760 διά-

238 814 436 865 μετρος
477 792 539 848 δὲ
579 792 755 849 αὐτοῦ
795 790 828 863 ἡ
869 797 999 847 ΗΚ.

353 885 597 938 δυνατὸν
655 884 720 938 δέ
771 883 887 938 ἐστι
932 882 1030 948 τὰς
1080 888 1218 953 ΔΕ,
1266 887 1390 937 ΗΚ
1433 883 1763 955 διαμέτρους
1808 882 1943 938 ποτὲ

241 971 343 1043 μὲν
386 978 524 1042 ἴσας,
565 970 696 1027 ποτὲ
728 970 790 1027 δὲ
823 968 1055 1036 ἀνίσους
1090 968 1255 1041 εἶναι,
1289 969 1555 1027 οὐδέποτε
1588 972 1779 1042 μέντοι
1814 975 1942 1044 δίχα

239 1061 540 1132 τέμνουσιν
597 1059 856 1131 ἀλλήλας.
942 1058 1101 1131 ἤχθω
1157 1058 1264 1131 γὰρ
1322 1061 1416 1115 διὰ
1467 1063 1571 1116 τοῦ
1617 1066 1674 1115 K
1725 1063 1791 1134 τῇ
1839 1065 1950 1115 ΒΓ

239 1149 593 1221 παράλληλος
632 1146 667 1220 ἡ
700 1155 838 1204 NK.
901 1149 1018 1204 ἐπεὶ
1060 1141 1166 1204 οὗν
1205 1153 1404 1220 μείζων
1445 1150 1595 1205 ἐστὶν
1635 1146 1670 1220 ἡ
1704 1155 1815 1204 ΒΑ
1845 1157 1943 1220 τῆς

243 1244 366 1309 ΑΓ,
408 1242 609 1309 μείζων
650 1238 759 1308 ἄρα
797 1238 890 1293 καὶ
929 1235 963 1309 ἡ
1005 1243 1125 1292 NA
1163 1240 1260 1309 τῆς
1298 1243 1431 1293 ΑΚ.
1504 1235 1710 1309 ὁμοίως
1751 1238 1812 1293 δὲ
1850 1238 1943 1293 καὶ

239 1325 272 1399 ἡ
315 1332 430 1383 ΚΑ
476 1330 574 1398 τῆς
614 1333 743 1382 ΑΗ
784 1325 876 1382 διὰ
925 1325 1030 1397 τὴν
1074 1324 1416 1382 ὑπεναντίαν
1455 1325 1649 1398 τομήν.
1728 1325 1867 1382 ὥστε
1907 1323 1942 1397 ἡ

239 1420 305 1489 τῇ
348 1422 467 1471 ΑΚ
503 1415 612 1471 ἀπὸ
652 1419 748 1486 τῆς
787 1421 915 1470 ΑΝ
948 1423 1039 1487 ἴση
1081 1416 1475 1487 λαμβανομένη
1517 1414 1721 1486 μεταξὺ
1758 1420 1946 1471 πίπτει

242 1509 355 1562 τῶν
396 1511 479 1575 H,
519 1510 584 1559 Ν
625 1510 885 1576 σημείων.
961 1506 1199 1560 πιπτέτω
1242 1502 1316 1569 ὡς
1368 1501 1401 1575 ἡ
1446 1506 1574 1567 ΑΞ·
1623 1502 1657 1575 ἡ
1698 1502 1806 1575 ἄρα
1847 1502 1940 1559 διὰ

239 1597 341 1651 τοῦ
380 1596 430 1657 Ξ
470 1602 536 1666 τῇ
580 1598 692 1648 ΒΓ
729 1595 1081 1666 παράλληλος
1129 1592 1374 1664 ἀγομένη
1422 1594 1605 1664 τέμνει
1652 1594 1757 1665 τὴν
1804 1598 1940 1648 HK.

240 1683 477 1754 τεμνέτω
528 1680 602 1747 ὡς
649 1680 682 1752 ἡ
729 1683 914 1744 ΞΟΠ.
991 1682 1083 1736 καὶ
1136 1682 1252 1737 ἐπεὶ
1300 1689 1391 1753 ἴση
1442 1682 1592 1737 ἐστὶν
1638 1679 1673 1754 ἡ
1721 1684 1829 1745 ΞΑ
1875 1684 1944 1754 τῇ

242 1778 382 1843 ΑΚ,
431 1770 509 1836 ὡς
557 1771 618 1826 δὲ
665 1769 698 1842 ἡ
745 1773 853 1834 ΞΑ
898 1769 1036 1842 πρὸς
1079 1777 1220 1842 ΑΠ,
1268 1768 1300 1842 ἡ
1342 1776 1459 1826 ΚΛ
1506 1774 1643 1843 πρὸς
1680 1776 1807 1826 AH
1847 1771 1942 1826 διὰ

240 1859 344 1931 τὴν
393 1858 690 1931 ὁμοιότητα
738 1862 851 1914 τῶν
897 1863 1107 1929 ΗΚΛ,
1149 1860 1329 1921 ΞΑΠ
1367 1858 1688 1930 τριγώνων,
1739 1856 1772 1929 ἡ
1820 1864 1951 1914 ΑΗ

240 1952 305 2021 τῇ
346 1955 472 2004 ΑΠ
506 1950 657 2004 ἐστιν
698 1954 789 2018 ἴση
829 1948 923 2002 καὶ
962 1946 1126 2018 λοιπὴ
1167 1945 1200 2018 ἡ
1242 1950 1357 2011 ΗΞ
1389 1956 1456 2020 τῇ
1497 1954 1554 2002 1]
1567 1953 1631 2004 K.
1700 1948 1793 2003 καὶ
1826 1947 1943 2003 ἐπεὶ

242 2040 304 2093 αἱ
346 2036 484 2107 πρὸς
535 2047 653 2102 τοῖς
700 2039 768 2106 Ξ,
818 2042 874 2092 Κ
920 2041 1123 2106 γωνίαι
1172 2043 1288 2092 ἴσαι
1335 2041 1500 2092 εἰσίν·
1560 2037 1788 2107 ἑκατέρα
1835 2035 1942 2108 γὰρ

242 2124 429 2181 αὐτῶν
469 2132 561 2196 ἴση
595 2126 709 2181 ἐστὶ
748 2129 813 2198 τῇ
847 2132 917 2180 Β“
959 2126 1066 2181 εἰσὶ
1107 2125 1169 2181 δὲ
1208 2126 1301 2181 καὶ
1341 2128 1402 2180 αἰ
1437 2129 1576 2198 πρὸς
1605 2128 1681 2201 τῷ
1717 2130 1764 2179 0
1804 2133 1940 2181 ἴσαι·

241 2216 378 2270 κατὰ
416 2216 677 2287 κορυφὴν
715 2214 844 2285 γάρ·
894 2213 1093 2285 ὅμοιον
1134 2212 1244 2287 ἄρα
1284 2214 1397 2269 ἐστὶ
1436 2215 1498 2269 τὸ
1539 2216 1709 2277 ΞΗΟ
1745 2221 1942 2285 τρίγω-

243 2326 347 2359 νον
402 2307 477 2379 τῷ
533 2309 714 2359 ΠΟΚ
767 2302 1036 2378 τριγώνῳ.
1117 2304 1210 2358 καὶ
1266 2310 1356 2373 ἴση
1414 2303 1564 2358 ἐστὶν
1619 2300 1654 2373 ἡ
1709 2305 1827 2366 ΗΞ
1875 2305 1940 2374 τῇ

245 2398 385 2447 ΠΚ’
438 2390 577 2447 ὥστε
624 2393 715 2446 καὶ
763 2390 796 2462 ἡ
840 2393 944 2454 ΞΟ
982 2395 1046 2463 τῇ
1091 2397 1201 2446 ΟΚ
1237 2394 1328 2446 καὶ
1368 2391 1402 2461 ἡ
1442 2395 1560 2445 ΗΟ
1597 2394 1663 2463 τῇ
1707 2396 1825 2446 ΟΠ
1849 2390 1942 2445 καὶ

370 2529 407 2567 1.
452 2525 625 2582 ΗΖΚ]
671 2527 719 2567 Η
755 2539 896 2580 supra
935 2539 1019 2570 ser.
1053 2539 1111 2567 m.
1149 2529 1171 2567 1
1210 2523 1283 2567 W.
1437 2529 1477 2567 2.
1522 2519 1647 2568 ἐστίν
1687 2522 1761 2566 W.
1901 2528 1942 2568 3.

248 2579 372 2628 ἔστιν
405 2583 480 2628 W.
634 2584 764 2640 ΝΘ]
809 2585 849 2628 Θ
890 2597 1003 2627 corr.
1040 2584 1089 2627 in
1121 2582 1367 2627 scribendo
1398 2582 1473 2628 W.
1626 2586 1668 2627 4.
1710 2578 1834 2626 ἐστίν
1865 2582 1941 2627 W.

305 2647 344 2686 5.
378 2643 499 2701 ΝΟ]
536 2644 636 2686 ΝΘ
669 2658 712 2698 p.
869 2639 993 2686 ἐστίν
1024 2642 1099 2685 W.
1254 2647 1292 2686 6.
1329 2643 1501 2700 ΗΘΚ]
1535 2643 1690 2686 ΝΘΚ
1717 2656 1759 2698 p.
1899 2644 1940 2684 8.

246 2699 369 2745 ἐστιν
403 2701 477 2744 W.
621 2706 689 2745 10.
724 2726 780 2734 -—
813 2716 905 2757 mg.
940 2717 999 2746 m.
1038 2707 1053 2745 1
1094 2700 1168 2746 W.
1310 2706 1378 2745 11.
1415 2704 1516 2745 ΗΚ
1544 2717 1587 2757 p.
1720 2705 1790 2744 12.
1821 2699 1942 2757 NA]

243 2764 342 2804 MA
374 2759 496 2817 Wp,
542 2775 658 2806 corr.
696 2761 872 2804 Comm.
1058 2765 1128 2804 16.
1170 2760 1238 2818 Ξ]
1279 2774 1394 2805 corr.
1436 2774 1491 2804 ex
1531 2763 1566 2803 Z
1605 2758 1656 2803 in
1695 2758 1832 2804 scrib.
1866 2758 1940 2802 W.

244 2824 314 2863 20.
359 2820 415 2876 τῇ
449 2821 569 2878 ΛΠ]
612 2834 701 2865 om.
735 2819 849 2875 Wp,
890 2833 1006 2863 corr.
1049 2818 1221 2863 Comm.
1421 2816 1450 2874 ἡ
1486 2819 1614 2876 ΗΞ]
1645 2833 1692 2874 p,
1725 2814 1754 2873 ἡ
1787 2818 1834 2866 Ξ
1862 2815 1939 2862 W.

306 2884 374 2923 22.
410 2874 535 2923 ἐστίν
569 2880 642 2923 W.
765 2877 882 2922 εἰσίν
915 2878 986 2921 W.
1112 2879 1199 2938 τῷ]
1231 2893 1277 2934 p,
1309 2875 1361 2922 τό
1394 2877 1466 2921 W.
1600 2880 1670 2922 23.
1705 2873 1830 2921 ἐστίν
1863 2874 1939 2920 W.

308 2942 377 2981 25.
413 2938 529 2995 ΗΟ]
564 2939 665 2982 NO
696 2953 741 2994 p.
