2046 3224
243 137 396 183 XVIII
864 143 1329 190 PROLEGOMENA.

244 272 337 315 mg.
370 272 431 303 m.
467 263 514 302 1:
557 260 639 304 καὶ
670 260 754 305 τοῦ
787 260 869 317 τῆς
900 264 987 306 ΑΕ
1018 260 1134 320 πρὸς
1166 265 1255 307 ΕΖ
1286 259 1389 309 ἀλλ’
1418 262 1482 318 ὡς
1513 263 1600 324 μὲν
1631 264 1661 324 ἡ
1697 270 1787 312 ΒΕ
1819 266 1937 328 πρὸς

243 326 350 382 ΕΖ,
383 325 688 372 Montaureus
722 327 889 372 deletis
920 327 951 388 ἡ
987 333 1080 374 ΒΚ
1108 325 1225 387 πρὸς
1256 332 1350 376 ΚΘ
1382 345 1476 389 mg.
1510 332 1615 378 add.
1649 331 1679 391 ἡ
1705 338 1798 380 ΒΚ
1825 333 1943 394 πρὸς

239 392 334 436 ΚΘ
364 391 604 439 τουτέστιν
636 391 665 449 ἡ
700 397 782 439 ΖΛ
812 391 931 453 πρὸς
960 397 1065 441 ΛΘ.

361 460 435 516 12)
468 460 542 504 Ad
565 459 622 518 11,
651 465 705 505 13
732 475 824 518 mg.
851 460 1154 520 „vzochdogov
1171 463 1363 508 Proclus
1388 463 1437 509 in
1462 465 1552 511 fine
1576 464 1625 512 li.
1652 470 1679 511 2
1704 481 1939 515 commen·

238 524 465 570 tariorum
498 526 547 570 in
581 531 620 573 1.
654 527 906 574 Euclidis“.

360 596 434 649 13)
474 593 529 650 II,
564 598 619 639 16
652 610 697 652 p.
724 599 825 651 220,
851 599 1050 641 20—22:
1090 593 1141 641 τὸ
1176 594 1263 654 μὲν
1295 594 1390 643 ὑπὸ
1422 600 1567 644 ΚΛΘ
1596 600 1658 661 τῷ
1690 597 1788 646 ὑπὸ
1823 598 1936 658 (ἀπὸ

237 674 298 703 m.
332 661 378 716 2)
414 661 575 704 ΘΜΗ
608 657 733 706 ἐστιν
765 663 867 707 ἴσον
899 662 980 707 καὶ
1011 661 1041 719 ἡ·
1074 664 1167 708 ΛΘ
1197 663 1252 722 τῇ
1286 668 1397 708 ΚΜ
1421 665 1522 710 cod.
1551 669 1620 722 14,
1664 682 1758 725 mg.
1790 683 1852 714 m.
1885 673 1934 714 2:

236 727 407 771 λείπει·
433 730 526 771 ΑΓ
546 723 598 772 τὸ
625 726 679 773 δὲ
704 725 798 773 ὑπὸ
831 730 993 774 ΘΜΗ
1011 731 1074 789 τῷ
1099 726 1195 775 ἀπὸ
1225 734 1308 775 ΓΒ
1334 727 1449 776 ὥστε
1477 728 1531 777 τὸ
1556 729 1651 778 ὑπὸ
1677 733 1770 779 τῶν
1793 737 1936 781 ΚΛΘ

237 792 340 838 ἴσον
382 791 513 839 ἔσται
551 795 615 855 τῷ
654 793 747 840 ὑπὸ
789 796 882 840 τῶν
919 797 1075 840 ΘΜΚ
1111 796 1192 842 καὶ
1223 795 1252 854 ἡ
1288 799 1380 843 ΛΘ
1411 799 1466 856 τῇ
1501 803 1613 844 ΚΜ
1646 801 1722 858 ἴση
1763 801 1934 847 deletis

236 859 394 904 uerbis
428 862 591 906 ΘΜΗ
622 858 746 907 ἐστιν
782 863 898 907 ἴσον.

55 933 177 967 Paris.
201 935 294 969 2355
359 927 460 972 Hae
486 929 796 975 correctiones
820 930 1053 987 notaeque
1078 931 1343 976 Montaurei
1367 945 1527 977 omnes
1551 932 1648 978 fere
1672 933 1720 978 in
1746 934 1847 980 cod.
1876 940 1931 981 13

233 994 453 1051 receptae
486 996 615 1051 sunt,
654 996 778 1041 unde
810 997 1031 1054 adparet,
1071 1011 1177 1042 eum
1210 1013 1234 1043 e
1267 998 1367 1044 cod.
1404 1003 1459 1042 14
1498 999 1784 1058 descriptum
1816 1015 1931 1048 esse.

231 1062 280 1105 et
319 1062 606 1107 concordant
644 1064 909 1120 temporum
953 1063 1175 1110 rationes.
1246 1078 1354 1109 nam
1394 1066 1495 1111 cod.
1533 1071 1584 1111 13
1624 1066 1756 1112 Petri
1793 1068 1931 1114 Rami

230 1127 322 1173 fuit
347 1154 401 1162 —
429 1142 600 1175 nomen
632 1130 731 1174 eius
756 1131 804 1174 in
828 1131 982 1188 prima
1005 1130 1180 1188 pagina
1203 1131 1379 1188 legitur
1403 1158 1475 1189 —-,
1501 1131 1583 1188 qui
1613 1131 1715 1191 ipsc
1737 1132 1928 1179 Petrum

230 1194 560 1241 Montaureum
607 1196 888 1253 magistrum
936 1213 1070 1242 suum
1116 1198 1164 1242 in
1202 1197 1549 1244 mathematicis
1587 1198 1834 1256 praedicat
1879 1203 1929 1247 ct

228 1261 353 1307 inter
376 1263 736 1308 mathematicos
762 1264 979 1321 Graecos,
1013 1264 1074 1309 ad
1098 1279 1295 1320 quorum
1321 1265 1528 1310 studium
1554 1278 1603 1310 se
1627 1266 1926 1325 adcingebat,

229 1327 532 1385 Apollonium
564 1328 779 1375 nominat
811 1331 1152 1389 (Waddington
1182 1330 1357 1376 Ramus
1389 1346 1433 1388 p.
1463 1333 1582 1389 108).
1631 1333 1688 1378 de
1717 1346 1772 1379 eo
1797 1333 1925 1379 Nan-

230 1395 388 1452 celius,
423 1396 623 1453 scriptor
654 1395 874 1442 librarius
898 1397 1074 1443 codicis
1101 1401 1172 1455 13,
1203 1397 1253 1442 in
1277 1397 1481 1456 epistula
1502 1398 1538 1454 I,
1563 1404 1619 1444 61
1646 1401 1708 1457 (p.
1733 1404 1819 1444 211
1850 1401 1923 1446 ed.

226 1461 372 1508 Paris.
401 1465 534 1520 1603)
566 1463 626 1507 ad
653 1463 943 1521 Scaliger-um
975 1465 1089 1510 haec
1113 1465 1294 1509 narrat:
1328 1463 1449 1522 „ipsi
1472 1464 1547 1509 illi
1569 1465 1721 1511 multa
1745 1465 1924 1512 Graeca.

228 1529 518 1587 exemplaria
563 1542 670 1575 mea
708 1543 851 1575 manu
889 1530 1078 1587 perdius
1118 1545 1173 1576 ac
1211 1544 1387 1588 pernox
1431 1531 1676 1590 exscripsi,
1723 1546 1920 1588 quorum

224 1595 306 1641 illc
348 1595 441 1640 sibi
482 1595 665 1653 copiam
697 1597 851 1641 Roma
894 1612 918 1643 e
950 1596 1183 1643 Vaticano
1223 1598 1271 1642 et
1301 1611 1356 1642 ex
1387 1596 1679 1643 bibliotheca
1707 1599 1842 1658 regia
1872 1601 1923 1645 et

222 1662 469 1708 Medicaea
505 1676 590 1721 per
627 1663 839 1721 reginam
880 1677 1045 1721 regum
1085 1665 1349 1710 nostrorum
1382 1665 1582 1710 matrem
1620 1665 1722 1711 fieri
1754 1666 1919 1713 sedulo

225 1730 477 1787 satagebat
523 1731 572 1774 et
613 1744 697 1787 per
744 1730 862 1774 alios
910 1731 1074 1787 utique
1113 1731 1237 1776 viros
1278 1734 1606 1789 melopaflets‘fl
1675 1732 1726 1778 in
1763 1749 1858 1792 mg.
1890 1747 1921 1778 a

222 1796 450 1842 Nancelio
484 1796 670 1854 saepius
705 1796 975 1855 „exemplar
1006 1797 1227 1856 reginae“
1261 1797 1456 1854 citatur,
1495 1798 1628 1844 uelut
1657 1798 1679 1842 I
1708 1814 1753 1856 p.
1787 1805 1828 1857 6,
1861 1805 1916 1846 27

221 1864 304 1920 τῆς
335 1864 570 1923 γραμμῆς]
610 1864 692 1921 τῆς
723 1861 973 1923 καμπύλης
1003 1866 1218 1923 γραμμῆς
1259 1865 1358 1910 cod.
1396 1869 1473 1923 13,
1520 1880 1614 1922 mg.
1647 1865 1737 1911 hoc
1775 1879 1919 1912 voca-

220 1930 385 1975 bulum
415 1945 510 1976 non
541 1932 614 1976 est
644 1932 694 1976 in
719 1931 978 1989 exemplari
1002 1932 1206 1989 reginae,
1238 1947 1283 1990 p.
1309 1936 1350 1988 8,
1378 1936 1432 1976 13
1465 1933 1572 1989 post
1603 1927 1742 1993 ἑτέρᾳ
1775 1947 1916 1991 supra

222 2011 310 2042 scr.
343 2013 403 2042 m.
439 2001 462 2040 1
498 1996 731 2058 διαμέτρῳ
765 1999 868 2044 cod.
900 2004 977 2054 13,
1017 2013 1110 2056 mg.
1143 1999 1231 2043 hoc
1263 1998 1546 2044 vocabulum
1577 1997 1628 2042 in
1658 2000 1916 2057 exemplari

217 2064 407 2121 reginae
438 2078 532 2109 non
564 2065 809 2122 reperitur,
843 2080 888 2122 p.
915 2069 957 2122 8,
983 2069 1039 2109 23
1072 2066 1285 2122 κορυφῆς
1316 2065 1406 2110 del.
1439 2080 1499 2112 m.
1528 2069 1550 2108 1
1586 2065 1685 2110 cod.
1715 2071 1784 2123 13,
1817 2081 1911 2124 mg.

217 2130 307 2176 hoc
347 2131 542 2176 uerbum
584 2133 656 2175 est
695 2132 742 2175 in
782 2132 1038 2189 exemplari
1069 2133 1272 2189 reginae.
1335 2131 1433 2177 sinc
1467 2132 1610 2177 dubio
1644 2132 1914 2191 „exemplar

219 2198 442 2255 reginae“
474 2199 546 2243 est
569 2198 669 2255 ipse
697 2198 896 2254 cod.15;
928 2213 1037 2244 nam
1070 2198 1255 2243 codices
1286 2198 1413 2243 Petri
1439 2197 1617 2243 Strozzi
1647 2198 1709 2243 ad
1742 2197 1912 2245 Catha-

217 2263 370 2309 rinam
402 2265 459 2310 de
491 2264 688 2310 Medicis
720 2266 932 2323 reginam
963 2268 1068 2323 post
1098 2266 1298 2311 mortem
1338 2265 1435 2310 eius
1466 2268 1791 2322 peruenerunt.
1855 2279 1913 2311 ex

217 2331 382 2377 eodem
422 2331 584 2377 codice
625 2331 733 2376 illas
775 2346 959 2389 quoque
993 2332 1246 2389 scripturas
1277 2330 1451 2389 petiuit
1482 2331 1755 2389 Nancelius,
1795 2346 1910 2388 quas

215 2398 380 2444 addito
419 2398 651 2444 uocabulo
692 2398 872 2456 „alias“
911 2399 961 2443 in
1000 2414 1090 2456 mg.
1126 2399 1300 2455 adfert,
1348 2397 1481 2443 uelut
1510 2398 1531 2441 I
1570 2414 1615 2456 p.
1651 2402 1727 2455 10,
1762 2402 1786 2442 1
1828 2399 1910 2443 καὶ

216 2462 356 2521 ἔστω]
392 2478 483 2511 om.
517 2465 618 2510 cod.
653 2470 729 2520 13,
777 2480 871 2523 mg.
913 2465 1028 2511 alias
1067 2466 1302 2510 adduntur
1341 2464 1422 2510 καὶ
1454 2463 1592 2521 ἔστω,
1637 2480 1683 2523 p.
1716 2469 1818 2522 220,
1850 2470 1905 2510 21

214 2527 330 2576 ὥστε
369 2530 422 2576 τὸ
463 2529 558 2577 ὑπὸ
591 2533 733 2577 ΚΛΘ
773 2533 875 2577 ἴσον
917 2530 1046 2576 ἔσται
1085 2532 1147 2592 τῷ
1180 2530 1274 2577 ὑπὸ
1315 2532 1406 2576 τῶν
1441 2533 1598 2576 ΘΜΚ
1632 2531 1713 2576 καὶ
1751 2529 1781 2589 ἡ
1813 2533 1908 2577 ΛΘ

211 2602 267 2656 τῇ
300 2602 412 2642 ΚΜ
445 2599 520 2654 ἴση
555 2599 711 2642 ΘΜΚ
748 2593 872 2642 ἐστιν
906 2599 1006 2643 ἴσον
1046 2597 1129 2643 καὶ
1159 2597 1188 2656 ἡ
1223 2599 1314 2642 ΛΘ
1345 2598 1401 2656 τῇ
1433 2602 1544 2643 ΚΜ
1576 2599 1676 2644 eod.
1711 2603 1766 2643 13
1799 2614 1904 2644 cum

213 2664 490 2709 Montaureo
523 2666 584 2721 (u.
620 2666 793 2721 supra),
827 2678 963 2721 quem
997 2679 1092 2710 non
1123 2663 1377 2720 intellexit3
1411 2679 1504 2722 mg.
1538 2663 1656 2709 alias
1688 2664 1759 2710 ita
1787 2665 1903 2723 legi-

211 2733 288 2775 tur
319 2726 437 2776 ὥστε
470 2730 550 2775 καὶ
582 2727 633 2775 τὸ
668 2728 762 2775 ὑπὸ
787 2733 931 2775 ΚΛΘ
961 2732 1023 2791 τῷ
1058 2729 1153 2776 ὑπὸ
1181 2733 1338 2776 ΘΜΚ
1368 2728 1493 2776 ἐστιν
1524 2732 1626 2776 ἴσον
1651 2730 1733 2776 καὶ
1755 2729 1784 2788 ἡ
1809 2733 1904 2777 ΛΘ

210 2798 264 2855 τῇ
298 2800 341 2841 Κ
351 2800 414 2842 M.

29 2869 151 2905 Marc.
177 2871 242 2905 513
334 2864 402 2907 Ex
427 2864 530 2921 ipso
553 2863 596 2908 V
619 2865 863 2920 praeterea
886 2863 1147 2921 descriptus
1172 2866 1244 2909 est
1266 2864 1366 2909 cod.
1384 2869 1431 2920 63
1462 2877 1571 2907 nam
1594 2863 1642 2907 in
1665 2863 1741 2920 fig.
1759 2863 1817 2919 II,
1838 2868 1899 2908 ’32

212 2929 356 2975 habet
374 2933 425 2974 N
446 2932 494 2974 et
517 2930 566 2975 in
590 2929 883 2987 praefatione
908 2929 1017 2975 libri
1039 2929 1183 2987 primi
1205 2930 1397 2976 lacunas
1418 2931 1513 2975 tres
1537 2929 1682 2975 habet
1705 2931 1768 2986 (p.
1783 2934 1823 2986 2,
1845 2934 1900 2973 15
