2046 3224
226 157 310 207 1211
384 222 390 227 ᾖ
848 161 1317 208 PROLEGOMENA.

346 299 391 341 p.
425 285 498 338 44,
532 286 558 325 2
591 282 654 339 τῷ
690 279 1036 341 προειρημένῳ]
1069 281 1124 341 τῇ
1157 278 1365 343 προτέρᾳ
1471 287 1498 327 9
1537 278 1650 341 γάρ]
1682 278 1772 340 γάρ
1803 298 1930 335 τινες

292 354 347 396 14
379 344 498 407 ἀπό]
532 345 612 393 διά
737 351 793 391 23
826 340 878 407 ᾖ]
910 360 1000 393 om.
1123 351 1182 392 24
1214 348 1406 407 σημεῖα]
1441 362 1532 395 om.

345 432 390 474 p.
424 420 496 471 46,
531 420 557 459 6
590 410 709 473 ἀπό]
744 410 826 459 διά
950 419 1005 460 18
1036 414 1142 474 τήν]
1178 430 1269 461 om.
1394 420 1448 461 19
1489 416 1624 475 ΚΜ]
1662 418 1755 462 ΓΚ
1873 421 1930 462 20

230 487 327 529 ΚΓ
352 483 450 541 ἴση]
485 485 597 527 ΚΜ

348 556 501 609 Ρ.,48,
537 554 591 593 19
631 553 686 607 A,
721 548 787 609 Β]
830 563 919 596 om.
1044 551 1395 607 συμπίπτουσαι
1427 575 1483 583 -
1514 550 1584 609 Α]
1626 546 1680 595 αἱ
1713 553 1814 608 ΑΔ,
1844 554 1930 595 ΛΒ

289 622 344 663 21
377 618 483 677 ΛΖ]
516 617 688 662 lacuna
718 621 744 661 2
777 616 868 661 litt.
993 619 1049 661 26
1080 613 1133 661 τὸ
1168 621 1211 660 Δ
1243 615 1440 674 κέντρον

346 700 392 741 p.
426 686 560 741 50,⁴3
597 683 654 742 τῇ
691 683 806 742 ΗΛ]
856 679 886 739 ἡ
931 683 1104 740 μείζων
1148 683 1232 740 τῆς
1263 687 1367 728 ΖΜ
1399 684 1454 740 τῇ
1491 687 1587 729 ΗΛ
1626 683 1684 744 τῇ
1718 680 1932 730 ἐλάττονι

226 752 310 809 τῆς
332 754 436 796 ΜΛ
525 746 578 795 τὸ
605 750 759 808 σχῆμα
784 746 952 808 ὅμοιον
977 750 1040 811 τῷ
1067 746 1262 795 ἄνωθεν
1286 765 1382 809 mg.
1477 755 1534 796 10
1559 751 1928 810 συμπίπτουσαι]

228 815 622 876 συμπιπτέτωσαν
747 821 803 861 14
836 813 941 876 ἐπί]
975 830 1000 861 e
1025 830 1143 862 corr.
1261 821 1315 862 16
1347 818 1459 877 καί]
1492 814 1546 875 ἥ
1634 822 1688 863 19
1720 818 1780 876 τῇ
1809 818 1930 878 ΜΖ]

227 881 258 942 ἡ
292 886 465 942 μείζων
495 884 579 941 τῆς
610 887 712 928 ΛΗ
747 884 802 942 τῇ
835 887 934 928 ΜΖ
964 884 1020 942 τῇ
1056 879 1271 930 ἐλάσσονι
1303 885 1385 941 τῆς
1420 888 1510 929 ΗΖ
1617 890 1674 930 26
1705 884 1788 930 καὶ
1819 898 1931 944 συμ-

226 951 505 1010 πίπτουσαι]
541 949 596 996 αἷ
623 954 716 1008 ΑΛ,
740 954 825 995 ΛΒ
858 950 940 995 καὶ
972 949 1365 1009 συμπιπτέτωσαν
1457 949 1512 996 αἴ
1539 955 1643 1008 ΑΛ,
1667 952 1776 1011 ΛΒ]
1809 948 1931 998 κατὰ

227 1016 281 1063 τὸ
311 1022 352 1062 Δ

344 1102 390 1143 Ρ.
424 1089 495 1143 52,
532 1090 554 1130 1
590 1082 670 1143 δή]
706 1082 760 1129 δέ
793 1098 817 1130 e
843 1099 958 1131 corr.
1054 1090 1080 1129 3
1117 1085 1281 1144 ΑΗΒ]
1309 1099 1423 1132 corr.
1451 1100 1508 1131 ex
1531 1090 1614 1130 AB
1706 1090 1736 1130 4
1763 1086 1928 1144 ΑΜΒ]

225 1156 373 1197 ΑΜΒ
406 1149 677 1211 ὑπερβολὴν
709 1153 811 1197 ἴσον
933 1155 959 1196 5
996 1152 1119 1211 ἴσον]
1153 1166 1245 1198 om.
1369 1158 1395 1198 6
1430 1153 1556 1212 ΔΗ]
1596 1153 1678 1210 τῆς
1709 1156 1825 1198 ΜΗ
1854 1153 1930 1210 ἴση

226 1215 323 1277 ἄρα
353 1236 383 1276 η
415 1222 516 1264 ΜΔ
547 1220 602 1277 τῇ
637 1222 741 1264 ΔΗ

343 1302 389 1344 p.
423 1291 494 1342 54,
529 1292 555 1331 3
590 1280 727 1345 ὥστε]
763 1283 878 1330 ὥστε
913 1283 942 1342 ἡ
981 1290 1063 1330 ΑΒ
1186 1282 1304 1343 ὅπερ
1337 1284 1438 1332 ἔδει
1470 1286 1645 1346 δεῖξαι]
1678 1300 1769 1333 om.
1876 1291 1931 1331 14

227 1353 389 1412 ΑΒΓ]
425 1367 567 1410 supra
601 1356 644 1397 Γ
672 1366 756 1399 sor.
791 1355 831 1397 E
956 1357 1011 1397 15
1044 1352 1126 1398 διά
1161 1379 1215 1386 --
1251 1358 1304 1399 17
1337 1353 1575 1413 γραμμῆς]
1609 1367 1699 1399 om.

344 1436 390 1478 p.
426 1424 499 1478 56,
533 1426 559 1465 3
599 1416 750 1478 κατά]
783 1420 838 1477 τῇ
872 1422 1060 1464 ΑΕΓΖ
1091 1416 1212 1465 κατά
1337 1424 1364 1464 5
1403 1421 1566 1480 ΑΓΖ]
1605 1423 1688 1465 ΓΖ
1718 1422 1826 1478 post
1863 1420 1930 1465 la-

227 1501 394 1532 cunam
429 1492 452 1531 1
485 1487 577 1531 litt.
704 1491 758 1530 11
793 1482 903 1544 δύο]
938 1485 1025 1531 δύο
1058 1492 1230 1544 σημεῖα
1355 1491 1409 1531 12
1451 1486 1780 1546 συμπεσεῖται]
1813 1502 1927 1546 συμ-

230 1556 445 1613 βαλεῖται
537 1549 881 1611 ἐκβαλλομένη]
914 1566 1005 1600 om.
1100 1554 1163 1612 Δ]
1198 1567 1286 1597 om.
1382 1549 1521 1612 οὐδέ]
1552 1554 1608 1612 τῇ
1643 1559 1686 1599 Δ
1718 1550 1833 1600 οὐδέ

344 1636 391 1678 p.
427 1625 499 1678 58,
534 1623 587 1663 12
625 1623 755 1664 ΓΑΔ
782 1619 920 1678 (pr.)]
956 1623 1078 1664 ΓΑΔ
1109 1617 1298 1678 γραμμή
1424 1624 1478 1664 14
1510 1617 1629 1680 ἀπό]
1665 1617 1747 1666 διά
1871 1626 1926 1668 16

226 1687 285 1745 Β]
319 1690 412 1731 ΒΓ
515 1681 655 1744 ὥστε]
691 1699 779 1731 om.
891 1682 1029 1745 οὐδέ]
1063 1682 1172 1731 οὐδ’
1201 1683 1294 1744 ἄρα
1406 1688 1548 1746 ΓΑΔ]
1585 1691 1708 1732 ΓΑΔ
1737 1685 1927 1753 ’γραμμὴ

226 1758 536 1811 συμπεσεῖται
567 1753 622 1812 τῇ
657 1757 694 1796 Β
833 1757 889 1798 25
923 1746 1031 1812 οὖν]
1067 1752 1156 1811 γάρ
1278 1754 1359 1811 τῆς
1390 1758 1427 1798 Α
1457 1754 1623 1814 τομῆς]
1657 1769 1746 1800 om.
1869 1759 1927 1801 26

228 1817 373 1879 καθ’]
406 1821 488 1877 τῆς
519 1825 554 1864 Α
588 1815 707 1865 καθ’

342 1902 389 1944 Ρ.
423 1891 494 1944 60,
530 1892 552 1931 1
587 1884 730 1946 κατά]
765 1901 854 1932 om.
971 1892 998 1931 3
1030 1888 1192 1947 ΑΒΓ]
1227 1891 1310 1932 ΑΒ
1419 1894 1443 1933 7
1477 1889 1639 1948 ΑΒΓ]
1673 1891 1805 1934 ΑΓΒ
1898 1892 1925 1934 8

222 1954 384 2013 ΑΒΓ]
418 1957 550 1997 ΑΓΒ
675 1957 730 1997 21
766 1954 860 2012 οτι]
894 1947 967 1999 ὅτι
998 1950 1028 2011 ἡ
1062 1957 1102 1998 Ε
1778 1973 1782 1976 ·

341 2035 386 2077 p.
421 2025 492 2076 62,
528 2024 581 2064 13
615 2020 718 2079 ΑΒ]
753 2024 886 2064 ΑΓΒ
982 2026 1035 2066 19
1072 2018 1357 2082 ἐφάπτεται]
1393 2018 1636 2080 ἐφάψεται
1727 2027 1780 2068 21
1809 2036 1923 2081 συμ-

224 2082 404 2145 βάλλει]
436 2088 674 2145 συμβαλεῖ

342 2169 388 2211 p.
422 2158 494 2211 64,
527 2158 585 2198 24
620 2157 696 2198 ΓΑ
710 2155 770 2213 Θ]
807 2158 883 2199 ΓΑ
1008 2155 1126 2215 ΘΕ]
1162 2157 1253 2200 ΘΕ
1285 2151 1508 2213 ἀλλήλαις

342 2235 387 2277 p.
422 2225 493 2278 66,
527 2224 583 2266 26
627 2217 890 2283 οὐδετέρᾳ]
934 2217 989 2266 οὗ
1024 2227 1330 2280 συμπεσεῖται
1363 2223 1418 2282 τῇ
1455 2220 1593 2283 ἑτέρᾳ
1714 2228 1771 2269 27
1812 2238 1925 2283 συμ·

221 2286 456 2347 πεσεῖται]
490 2300 580 2333 om.

341 2369 387 2411 p.
422 2358 493 2411 68,
527 2359 553 2399 8
587 2350 665 2412 οὐ]
699 2369 788 2400 om.
886 2359 940 2399 10
973 2356 1263 2416 συμβαλοῦσι
1294 2356 1406 2414 (non
1439 2355 1773 2415 συμβάλλουσι)
1868 2362 1921 2402 11

224 2421 335 2479 καί]
370 2434 459 2465 om.

341 2502 387 2544 p.
423 2491 492 2544 70,
530 2492 582 2531 11
617 2488 936 2548 συμβαλοῦσιν
1029 2485 1166 2548 ἄλλα]
1198 2485 1329 2551 ἄλλα,
1348 2486 1470 2534 κατά

343 2569 389 2611 Ρ.
424 2557 495 2610 72,
528 2559 553 2598 2
602 2553 752 2613 ΙΤΤ]
788 2558 866 2599 IY
985 2559 1009 2599 7
1050 2557 1137 2599 καί
1162 2581 1218 2588 -
1252 2561 1279 2600 8
1317 2556 1417 2615 ΤΙ]
1452 2570 1541 2602 om.
1664 2561 1691 2602 8
1724 2552 1806 2616 ὥς]
1839 2555 1922 2601 καὶ

225 2619 288 2672 ὡς
414 2624 467 2664 12
506 2621 616 2676 post
654 2616 897 2666 ἀδύνατον
931 2621 1036 2666 add.
1071 2617 1160 2666 οὐκ
1192 2617 1286 2679 ἄρα
1318 2618 1347 2679 ἡ
1382 2625 1528 2667 ΔΕΚ
1556 2623 1611 2682 τῇ
1639 2626 1776 2667 ΔΕΖ
1809 2638 1921 2681 συμ-

228 2683 388 2745 βάλλει
418 2683 540 2731 nav&
572 2687 769 2731 πλείονα
801 2693 972 2745 σημεῖα
1011 2683 1041 2745 ἢ
1073 2685 1192 2733 καθ’
1229 2687 1281 2733 ἓν
1404 2694 1460 2733 14
1498 2690 1581 2747 τῆς
1621 2716 1677 2722 -
1714 2685 1922 2735 ἀντικει-

224 2750 402 2811 μένων]
432 2752 483 2797 in
513 2767 600 2799 ras,
705 2758 760 2799 15
793 2752 869 2813 δέ]
902 2753 955 2800 δὲ
988 2753 1135 2813 τέμνῃ
1226 2754 1395 2815 τέμνῃ]
1431 2770 1520 2802 om.
1631 2761 1685 2802 19
1719 2760 1762 2801 Δ
1787 2756 1917 2815 (pr.)]

223 2832 367 2875 supra
398 2833 483 2866 scr.
624 2825 680 2866 22
712 2825 748 2864 Α
759 2821 817 2880 Β]
851 2824 990 2865 ΑΒΓ
1123 2827 1178 2867 25
1215 2820 1364 2881 ἔσται]
1399 2819 1495 2867 ἐστι
1618 2823 1766 2882 ΑΒΔ]
1800 2836 1919 2870 corr.

226 2898 282 2930 ex
313 2890 396 2930 AB
489 2891 545 2934 27
575 2883 672 2933 ὑπὸ
705 2888 819 2946 τῶν]
854 2901 995 2946 supra.
1027 2901 1111 2934 scr.
1207 2892 1334 2933 ΒΖΔ
1367 2891 1481 2947 (ΒΖ,
1507 2890 1604 2946 ΖΔ)
1631 2915 1685 2922 -
1709 2905 1755 2947 Ρ.
1787 2894 1858 2948 74,
1891 2894 1918 2936 6

221 2952 323 3010 τῆς]
355 2969 448 3011 mg.
