2020 3236
395 167 643 209 EUTOCII
675 167 1111 210 COMMENTARIA
1139 169 1205 211 IN
1237 168 1472 212 CONICA.
1653 167 1760 220 301

7 312 11 317 ·
83 288 298 355 gentem
346 304 465 339 cum
506 288 613 338 ΓΛ
653 289 961 354 concurrat,
1008 286 1170 339 etiam
1210 305 1330 339 cum
1369 288 1603 340 sectione
1643 305 1764 341 con-

83 391 315 443 currere,
353 374 428 426 sic
469 374 886 426 demonstratur:

192 462 301 513 sint
339 464 679 530 asymptotae
718 464 840 531 ΑΓ,
879 465 1016 531 ΑΔ,
1056 466 1110 515 et
1149 466 1278 531 ZK,
1318 467 1438 516 ΖΗ
1467 464 1664 517 cadant
1702 467 1764 517 ut

9 542 52 580 '²·
81 549 138 602 in
184 553 377 619 quarta
422 550 617 619 figura,
666 553 771 602 ZE
815 553 995 603 autem
1043 552 1333 604 sectionem
1379 554 1660 623 contingat
1705 553 1763 605 in

720 642 783 706 E,
817 641 870 691 et
900 642 1161 707 punctum
1194 658 1482 693 concursus
1510 660 1630 694 cum
1655 643 1763 695 ΓΑ

718 729 895 779 rectae
921 731 1040 779 ZH
1064 729 1306 796 superius
1333 729 1419 780 sit.
1482 731 1612 798 dico,
1644 747 1762 782 eam

718 815 1034 884 productam
1088 833 1208 868 cum
1260 817 1496 869 sectione
1544 836 1762 871 concur—

718 921 848 956 rere.

809 992 1034 1044 ducatur
1067 992 1208 1044 enim
1240 1011 1336 1061 per
1359 996 1618 1061 punctum
1643 1011 1764 1046 con-

718 1082 895 1132 tactus
921 1083 973 1131 E
998 1083 1339 1149 asymptotae
1363 1083 1471 1133 ΓΑ
1503 1082 1764 1149 parallela

721 1171 844 1235 ΕΘ;
887 1171 990 1219 ΕΘ
1028 1168 1194 1237 igitur
1234 1168 1291 1220 in
1331 1169 1447 1221 solo
1488 1172 1541 1220 E
1578 1170 1765 1223 sectio-

719 1273 842 1307 nem
883 1259 1029 1308 seca-t
1070 1259 1243 1325 [prop.
1274 1256 1447 1324 ΧΙΙΙ].
1508 1258 1764 1326 quoniam

719 1344 887 1413 igitur
918 1347 1017 1397 ΓΑ
1047 1347 1224 1397 rectae
1250 1348 1353 1396 ΕΘ
1384 1346 1642 1413 parallela
1667 1349 1765 1414 est,

86 1436 139 1484 et
192 1435 317 1485 ZH
371 1450 489 1485 cum
543 1435 596 1484 A
611 1434 676 1483 H
730 1433 1025 1500 concurrit,
1087 1433 1249 1485 etiam
1303 1452 1425 1486 cum
1479 1437 1531 1486 E
1544 1437 1591 1485 Θ
1643 1451 1763 1487 con·

36 1522 37 1525 ’
86 1524 284 1591 curret3
323 1537 451 1589 ergo
492 1521 655 1572 etiam
696 1538 815 1572 cum
856 1520 1105 1572 sectione.

198 1606 256 1660 Si
312 1608 430 1676 quis
483 1610 565 1660 est
612 1608 836 1678 angulus
883 1608 1188 1660 rectilineus
1235 1607 1588 1677 hyperbolam
1639 1627 1765 1662 con-

85 1696 263 1748 tinens
305 1696 440 1748 alius
481 1698 639 1764 atque
678 1695 739 1762 is,
781 1696 871 1764 qui
908 1695 1263 1764 hyperbolam
1295 1696 1550 1766 continet,
1590 1697 1766 1750 minor

0 1787 1 1799 ²
88 1800 198 1836 non
238 1787 319 1836 est
359 1783 556 1852 angulo
597 1783 950 1852 hyperbolam
990 1784 1314 1836 continente.

770 1871 839 1923 sit
878 1871 1190 1940 hyperbola,
1229 1871 1379 1924 cuius
1420 1876 1765 1941 asymptotae

448 1897 603 2307 ξΓ
674 1959 781 2011 sint
819 1962 940 2025 ΓΑ,
979 1962 1115 2027 ΑΛ,
1155 1959 1290 2011 aliae
1331 1963 1512 2012 autem
1553 1961 1765 2030 aliquae

675 2047 927 2099 sectionis
968 2050 1308 2114 asymptotae
1349 2048 1458 2100 sint
1496 2051 1614 2116 EZ,
1639 2051 1764 2105 ZH.

675 2133 806 2201 dico,
847 2134 1104 2203 angulum
1138 2134 1205 2186 ad
1243 2138 1287 2186 Z
1324 2135 1563 2203 positum
1595 2137 1765 2189 mino-

674 2239 788 2272 rem
827 2239 935 2273 non
976 2239 1091 2273 esse
1132 2223 1331 2290 angulo
1373 2222 1440 2274 ad
1479 2227 1533 2274 A
1571 2225 1765 2292 posito.

777 2327 904 2360 nam
954 2310 1187 2377 primum
1248 2313 1380 2379 ΕΖ,
1427 2314 1553 2362 ΖΗ
1605 2312 1765 2364 rectis

673 2398 794 2463 ΓΑ,
841 2399 955 2447 ΛΔ
1015 2397 1303 2464 parallelae
1369 2397 1489 2449 sint.
1585 2399 1766 2468 itaque

2 1549 5 1598 i

90 2486 123 2542 L,
149 2485 193 2533 Z
219 2507 288 2524 =
315 2487 349 2543 L
377 2487 441 2537 A.
511 2500 639 2551 ergo
682 2484 911 2553 angulus
953 2483 1018 2534 ad
1052 2486 1098 2534 Z
1136 2484 1344 2552 positus
1386 2487 1582 2555 angulo
1617 2487 1682 2538 ad
1716 2492 1767 2538 A

88 2570 264 2637 posito
306 2570 483 2622 minor
519 2589 626 2623 non
667 2574 763 2623 est.

0 2599 2 2752 ζ
197 2657 305 2709 iam
358 2658 649 2726 parallelae
703 2676 770 2709 ne
826 2657 956 2722 sint,
1012 2659 1151 2711 sicut
1195 2660 1252 2711 in
1301 2660 1530 2711 secunda
1577 2661 1765 2730 figura.

206 2874 259 2916 In
289 2873 364 2930 fig.
401 2878 423 2916 1
458 2877 501 2916 Γ
528 2875 576 2917 et
607 2877 647 2917 E
678 2887 768 2918 om.
800 2874 882 2928 W3
917 2876 956 2918 Θ
987 2874 1037 2917 in
1069 2877 1274 2920 sectione
1308 2879 1391 2919 est.

207 2933 258 2974 In
289 2933 365 2987 fig.
399 2937 424 2975 2
459 2946 548 2976 om.
582 2937 617 2975 A
650 2933 724 2988 W,
755 2946 839 2988 pro
873 2937 914 2975 Δ
945 2934 1052 2978 hab.
1089 2939 1138 2978 A.
