2046 3256
218 142 327 196 194
688 145 1129 189 COMMENTARIA
1158 145 1442 198 ANTIQUA.

213 265 279 336 τῇ
320 260 430 318 ὑπὸ
464 267 588 317 HK
596 268 648 316 E
685 269 795 333 ἴση,
835 262 926 317 καὶ
966 263 1130 333 βάσις
1166 260 1200 332 ἡ
1236 268 1343 318 ΖΕ
1378 266 1445 335 τῇ
1477 268 1597 318 ΗΕ
1632 269 1738 334 ἴση.
1801 264 1919 322 ἐπεὶ

215 344 321 407 οὖν
368 349 402 422 ἡ
452 357 559 406 ΖΕ
612 348 808 407 εὐθεῖα
854 354 921 425 τῇ
969 358 1088 407 ΗΕ
1132 353 1284 408 ἐστιν
1332 359 1451 423 ἴση,
1505 350 1666 423 κοινὴ
1716 352 1778 409 δὲ
1821 353 1918 410 καὶ

212 443 351 509 πρὸς
401 437 579 511 ὀρθὰς
626 438 659 512 ἡ
705 447 841 511 ΕΔ,
888 441 1051 512 βάσις
1099 440 1208 511 ἄρα
1256 438 1290 512 ἡ
1333 447 1443 496 ΔΖ
1488 443 1554 515 τῇ
1597 447 1719 497 ΔΗ
1766 443 1919 498 ἐστιν

213 536 322 600 ἴση.
399 530 568 585 πάλιν
618 530 732 585 ἐπεὶ
773 536 865 601 ἴση
908 530 1060 586 ἐστὶν
1100 527 1134 601 ἡ
1177 536 1286 586 ΒΛ
1326 531 1649 604 περιφέρεια
1687 539 1754 604 τῇ
1795 536 1916 603 ΒΓ,

153 636 179 675 5
213 618 305 673 καὶ
344 623 523 690 γωνία
563 617 672 690 ἄρα
712 616 745 690 ἡ
787 617 897 675 ὑπὸ
939 625 1111 674 ΑΚΒ
1150 622 1216 692 τῇ
1256 617 1365 675 ὑπὸ
1398 625 1564 675 ΓΚΒ
1607 621 1759 676 ἐστιν
1800 627 1917 692 ἴση·

214 705 353 763 ὥστε
392 708 485 763 καὶ
526 709 691 779 λοιπὴ
736 711 814 774 εἰς
852 706 951 774 τὰς
983 709 1088 764 δύο
1124 706 1306 780 ὀρθὰς
1337 706 1372 781 ἡ
1403 706 1512 764 ὑπὸ
1545 714 1725 764 ΛΚΕ
1751 711 1917 781 λοιπῇ

212 799 290 861 εἰς
329 795 426 863 τὰς
467 796 571 853 δύο
614 796 794 870 ὀρθὰς
831 801 896 871 τῇ
937 796 1046 854 ὑπὸ
1080 803 1252 854 ΓΚΕ
1288 800 1442 854 ἐστιν
1483 805 1592 870 ἴση.
1655 799 1772 855 ἐπεὶ
1809 790 1916 854 οὖν

210 882 243 955 ἡ
271 891 324 939 A
335 891 391 941 K
422 883 617 942 εὐθεῖα
647 889 714 958 τῇ
749 891 861 941 ΓΚ
888 888 1039 943 ἐστιν
1074 895 1187 958 ἴση·
1223 889 1281 943 ἐκ
1312 888 1549 961 κέντρου
1580 886 1709 958 γάρ·
1749 888 1912 957 κοινὴ

211 973 273 1028 δὲ
320 972 355 1045 ἡ
398 980 536 1044 ΚΕ,
586 974 689 1030 δύο
739 976 906 1031 δυσὶν
955 982 1097 1046 ἴσαι,
1143 976 1237 1031 καὶ
1284 981 1463 1047 γωνία
1511 973 1545 1047 ἡ
1593 973 1703 1032 ὑπὸ
1743 980 1919 1031 ΛΚΕ

124 1081 181 1121 10
215 1066 278 1135 τῇ
321 1059 428 1119 ὑπὸ
464 1068 651 1119 ΓΚΕ·
691 1064 784 1118 καὶ
822 1063 985 1135 βάσις
1025 1063 1134 1137 ἄρα
1174 1064 1208 1136 ἡ
1242 1071 1359 1120 ΑΕ
1385 1068 1451 1139 τῇ
1486 1070 1592 1120 ΓΕ
1621 1067 1771 1121 ἐστιν
1806 1072 1913 1136 ἴση.

210 1151 326 1206 ἐπεὶ
377 1145 482 1207 οὗν
532 1160 623 1224 ἴση
673 1150 706 1225 ἡ
749 1160 864 1208 AE
901 1153 1098 1209 εὐθεῖα
1137 1158 1203 1227 τῇ
1244 1159 1373 1225 ΓΕ,
1419 1152 1582 1226 κοινὴ
1624 1153 1685 1211 δὲ
1725 1176 1759 1224 η
1799 1159 1914 1208 ΕΔ

206 1241 299 1295 καὶ
339 1244 478 1313 πρὸς
519 1239 717 1313 ὀρθάς,
758 1241 921 1313 βάσις
962 1241 1070 1315 ἄρα
1110 1240 1144 1315 ἡ
1188 1250 1305 1299 ΔΑ
1342 1246 1408 1317 τῇ
1445 1248 1559 1299 ΔΓ
1594 1250 1700 1314 ἴση.
1764 1240 1915 1314 ὁμοί-

209 1352 283 1396 ως
324 1331 385 1386 δὲ
424 1331 516 1385 καὶ
558 1333 731 1392 πᾶσαι
773 1331 1173 1404 δειχθήσονται
1213 1335 1275 1387 αἱ
1311 1340 1437 1388 ἴσον
1478 1332 1782 1404 ἀπέχουσαι
1817 1334 1914 1402 τῆς

210 1425 320 1474 ΔΒ
368 1416 402 1490 ἢ
449 1423 547 1491 τῆς
586 1426 697 1476 ΔΘ
744 1428 875 1477 ἴσαι.
950 1422 1043 1476 καὶ
1091 1422 1207 1477 ἐπεὶ
1255 1421 1289 1493 ἡ
1334 1428 1438 1477 ΕΘ
1480 1425 1577 1491 τῆς
1618 1427 1721 1476 ΕΖ
1761 1423 1913 1476 ἐστιν

118 1525 175 1565 15
209 1507 482 1578 ἐλάσσων,
522 1509 684 1580 κοινὴ
727 1508 788 1565 δὲ
826 1509 919 1565 καὶ
958 1509 1096 1582 πρὸς
1137 1508 1316 1580 ὀρθὰς
1355 1509 1388 1581 ἡ
1434 1517 1562 1580 ΕΔ,
1602 1509 1763 1581 βάσις
1802 1509 1911 1582 ἄρα

207 1595 241 1667 ἡ
276 1602 388 1652 ΛΘ
426 1596 643 1667 βάσεως
681 1601 782 1669 τῆς
822 1605 933 1654 ΔΖ
974 1601 1124 1655 ἐστιν
1166 1598 1435 1655 ἐλάσσων.
1511 1601 1680 1655 πάλιν
1721 1599 1836 1654 ἐπεὶ
1877 1596 1911 1670 ἡ

207 1685 314 1741 ἀπὸ
363 1690 465 1741 τοῦ
507 1693 559 1741 Ε
603 1689 959 1759 ἐφαπτομένη
996 1692 1099 1744 τοῦ
1137 1688 1349 1744 κύκλου
1388 1691 1582 1745 πασῶν
1621 1691 1735 1744 τῶν
1774 1691 1913 1761 πρὸς

206 1773 310 1845 τὴν
350 1773 562 1846 κυρτὴν
601 1778 961 1848 περιφέρειαν
1001 1780 1474 1849 προσπιπτουσῶν
1507 1781 1708 1849 μείζων
1742 1778 1911 1847 ἐστίν,

173 1864 435 1942 Δἐδείχθη
486 1863 547 1919 δὲ
597 1868 657 1921 ἐν
705 1875 780 1941 τῷ
828 1865 885 1937 γ’
935 1875 1032 1936 τῆς
1079 1868 1471 1938 στοιχειώσεως
1515 1870 1577 1922 τὸ
1626 1864 1735 1922 ὑπὸ
1778 1872 1908 1936 ΛΕ,

117 1969 174 2008 20
209 1958 318 2006 EA
375 1958 500 2008 ἴσον
554 1958 629 2028 τῷ
686 1953 795 2010 άπὸ
846 1959 944 2026 τῆς
985 1961 1112 2020 ΕΖ,
1169 1955 1305 2010 ὅταν
1351 1954 1385 2026 ἡ
1436 1962 1538 2010 ΕΖ
1586 1956 1910 2027 ἐφάπτηται,

208 2045 358 2096 ἐστιν
399 2042 529 2113 ἄρα,
572 2041 646 2109 ὡς
684 2041 718 2114 ἡ
754 2050 867 2098 ΑΕ
902 2047 1040 2114 πρὸς
1073 2049 1194 2114 ΕΖ,
1235 2041 1268 2115 ἡ
1305 2050 1407 2098 ΕΖ
1439 2046 1577 2113 πρὸς
1610 2048 1732 2099 ΕΛ.
1794 2048 1906 2114 μεί-

207 2135 313 2196 ζων
365 2133 430 2187 δέ
474 2134 623 2187 ἐστιν
672 2130 704 2203 ἡ
744 2137 848 2187 ΕΖ
896 2140 992 2203 τῆς
1031 2138 1163 2187 ΕΛ·
1212 2130 1297 2187 ἀεὶ
1343 2133 1451 2204 γὰρ
1500 2131 1533 2203 ἡ
1583 2136 1772 2203 ἔγγιον
1811 2135 1909 2202 τῆς

205 2221 492 2291 ἐλαχίστης
538 2224 634 2292 τῆς
682 2218 975 2291 ἀπώτερόν
1025 2223 1175 2276 ἐστιν
1223 2221 1498 2276 ἐλάσσων·
1551 2226 1751 2292 μείζων
1798 2219 1907 2293 ἄρα

203 2308 296 2363 καὶ
341 2306 376 2379 ἡ
418 2316 530 2364 ΑΕ
573 2313 670 2381 τῆς
715 2316 833 2364 ΕΖ.
913 2310 1028 2365 ἐπεὶ
1079 2303 1184 2365 οὖν
1232 2307 1265 2380 ἡ
1309 2316 1411 2364 ΕΖ
1457 2313 1556 2380 τῆς
1596 2316 1707 2364 ΕΑ
1754 2311 1904 2364 ἐστιν

116 2412 174 2451 25
209 2397 481 2466 ἐλάσσων,
521 2397 683 2468 κοινὴ
725 2397 785 2453 δὲ
824 2398 917 2452 καὶ
955 2402 1094 2471 πρὸς
1135 2396 1313 2470 ὀρθὰς
1352 2396 1386 2468 ἡ
1428 2404 1555 2467 ΕΛ,
1596 2396 1758 2468 βάσις
1796 2396 1905 2467 ἄρα

207 2482 240 2555 ἡ
281 2491 393 2540 ΔΖ
431 2488 527 2556 τῆς
566 2492 683 2541 ΔΛ
723 2487 876 2542 ἐστιν
917 2486 1182 2543 ἐλάσσων.
1253 2485 1423 2541 πάλιν
1464 2486 1579 2541 ἐπεὶ
1621 2492 1711 2557 ἴση
1754 2486 1906 2542 ἐστὶν

203 2572 391 2644 ἡΑΚ
427 2584 493 2647 τῇ
529 2580 657 2643 ΚΒ,
697 2573 859 2645 κοινὴ
901 2575 962 2630 δὲ
995 2572 1028 2646 ἡ
1063 2582 1193 2644 ΚΕ,
1235 2574 1339 2630 δύο
1381 2575 1489 2647 ἄρα
1533 2578 1594 2630 αἱ
1622 2580 1758 2644 ΑΚ,
1791 2580 1907 2630 ΚΕ

204 2674 323 2727 ταῖς
371 2669 510 2732 ΕΚ,
553 2669 686 2733 ΚΒ,
733 2666 1020 2720 τουτέστιν
1070 2662 1170 2737 ὅλῃ
1217 2667 1282 2736 τῇ
1331 2669 1523 2732 ΕΚΒ,
1580 2668 1723 2719 εἰσιν
1770 2670 1902 2719 ἴσαι.

203 2748 325 2806 ἀλλ’
370 2754 431 2806 αἱ
470 2757 609 2822 ΛΚ,
651 2756 765 2807 ΚΕ
802 2762 900 2823 τῆς
939 2759 1054 2808 ΛΕ
1090 2754 1336 2823 μείζονές
1375 2757 1541 2807 εἰσιν·
1589 2752 1682 2806 καὶ
1720 2750 1753 2822 ἡ
1796 2757 1906 2807 ΒΕ

325 2890 363 2927 1.
399 2885 505 2943 ΖΕ]
541 2887 628 2929 ΖΘ
652 2901 697 2941 p.
822 2886 939 2943 HE]
976 2887 1087 2941 ΗΘ,
1123 2888 1173 2928 Η
1200 2899 1226 2929 e
1252 2899 1364 2928 corr.
1392 2900 1452 2928 m.
1481 2890 1519 2938 1,
1552 2899 1595 2940 p.
1719 2889 1759 2929 2.
1794 2884 1900 2942 ZE]

203 2945 320 2988 ΖΘῬ
352 2960 396 3001 p.
547 2944 664 3003 HE]
700 2945 796 2988 ΗΘ
827 2959 871 3000 p.
1018 2950 1058 2989 4.
1101 2944 1202 3002 BA]
1246 2943 1380 3002 βάσις
1410 2943 1532 3000 Wp,
1575 2956 1691 2987 corr.
1725 2943 1900 2988 Comm.
