2046 3256
220 135 326 189 186
689 138 1128 181 COMMENTARIA
1158 139 1438 191 ANTIQUA.

330 256 598 328 μέμφεται
656 254 719 310 δὲ
774 256 895 327 ἑξῆς
948 265 1023 332 τῷ
1083 253 1360 330 Εὐκλείδῃ
1417 255 1553 330 οὐχ,
1613 253 1690 323 ῶς
1741 263 1916 314 οἰέται

216 344 456 410 Πάππος
502 345 593 400 καὶ
643 346 827 417 ἕτεροί
866 367 1039 416 τινες,
1088 344 1181 401 διὰ
1229 344 1291 402 τὸ
1340 345 1414 418 μὴ
1465 344 1760 418 εὑρηκέναι
1808 347 1914 404 δύο

217 436 385 506 μέσας
425 433 733 505 ἀνάλογον·
776 431 807 490 ὅ
847 455 904 490 τε
947 433 1053 507 γὰρ
1094 432 1404 506 Εὐκλείδης
1441 433 1616 506 ὑγιῶς
1647 429 1775 509 εὗρε
1811 435 1915 508 τὴν

219 529 353 595 μίαν
394 525 570 595 μέσην
610 521 919 594 ἀνάλογον,
967 520 1089 579 ἀλλ’
1136 521 1238 595 οὐχ
1277 521 1351 589 ὡς
1390 522 1560 590 αὐτός
1597 541 1774 597 φησιν
1812 521 1916 581 οὐκ

155 623 181 662 5
218 611 484 684 εὐτυχῶς,
532 612 625 668 καὶ
663 613 789 684 περὶ
827 615 941 667 τῶν
983 611 1087 668 δύο
1128 613 1316 684 μέσων
1355 611 1490 668 οὐδὲ
1530 610 1673 679 ὅλως
1711 615 1915 685 ἐπεχεί-

220 718 355 774 ρησε
396 706 624 773 ζητῆσαι
664 704 726 758 ἐν
765 710 831 776 τῇ
872 701 1231 774 στοιχειώσει,
1272 699 1443 767 αὐτὸς
1482 699 1514 758 ὅ
1553 723 1611 758 τε
1644 700 1916 760 Ἀπολλώ-

219 813 339 857 νιος
388 789 557 847 οὐδὲν
605 791 731 863 περὶ
776 794 890 847 τῶν
940 791 1043 847 δύο
1092 792 1277 861 μέσων
1326 789 1610 862 ἀνάλογον
1657 797 1916 862 φαίνεται

216 883 444 951 ζητῆσαι
484 881 545 936 ἐν
585 884 659 956 τῷ
704 885 869 957 τρίτῳ
910 885 1135 956 βιβλίῳ·
1182 878 1330 951 ἀλλ’,
1378 878 1453 946 ῶς
1492 885 1699 951 ἔοικεν,
1747 883 1912 958 ἑτέρῳ

221 974 418 1044 βιβλίῳ
458 970 584 1043 περὶ
618 969 807 1025 τόπων
840 971 1203 1044 γεγραμμένῳ
1235 973 1311 1046 τῷ
1345 967 1622 1043 Εὐκλείδῃ
1655 970 1915 1042 ἐπισκήπ-

128 1067 182 1107 10
216 1081 324 1131 τει,
382 1057 516 1131 ὅπερ
566 1062 646 1125 εἰς
690 1057 835 1131 ἡμᾶς
883 1057 952 1115 οὐ
999 1060 1240 1131 φέρεται.

310 1147 378 1203 τὰ
399 1152 431 1203 δ
436 1147 460 1203 ὲ
478 1149 673 1219 ἐφεξῆς
689 1149 813 1221 περὶ
831 1152 933 1204 τοῦ
947 1148 1212 1221 τετάρτου
1227 1153 1453 1220 βιβλίου
1469 1147 1744 1221 λεγόμενα
1764 1157 1915 1222 σαφῆ

218 1239 384 1293 ἐστιν.
409 1238 471 1294 τὸ
490 1241 523 1293 δ
527 1236 551 1292 ὲ
564 1238 813 1309 πέμπτον
827 1238 965 1309 φησὶ
978 1240 1253 1311 περιέχειν
1267 1236 1333 1293 τὰ
1347 1238 1472 1309 περὶ
1484 1241 1598 1294 τῶν
1612 1240 1914 1310 ἐλαχίστων

217 1326 308 1381 καὶ
342 1332 631 1398 μεγίστων.
684 1325 868 1399 ῶσπερ
902 1325 1007 1400 γὰρ
1050 1328 1136 1382 ἐπὶ
1160 1329 1263 1383 τοῦ
1292 1326 1503 1382 κύκλου
1534 1326 1821 1400 ἐμάθομεν
1853 1329 1915 1384 έν

211 1425 278 1489 τῇ
321 1417 680 1488 στοιχειώσει,
722 1410 962 1472 ὅτι’ἔστι
999 1438 1050 1471 τι
1085 1428 1316 1488 σημεῖον
1349 1416 1522 1487 ἐκτός,
1562 1413 1663 1488 ἀφ’
1700 1409 1771 1472 οὗ
1799 1419 1913 1472 τῶν

127 1515 181 1554 15
213 1504 317 1575 μὲν
356 1509 494 1575 πρὸς
531 1505 637 1575 τὴν
679 1510 876 1576 κοίλην
915 1506 1274 1575 περιφέρειαν
1314 1509 1786 1578 προσπιπτουσῶν
1826 1527 1913 1578 με-

214 1597 376 1665 γίστη
418 1595 569 1649 ἐστὶν
608 1591 642 1665 ἡ
686 1592 779 1649 διὰ
818 1597 922 1649 τοῦ
957 1595 1210 1666 κέντρου,
1242 1597 1357 1649 τῶν
1390 1593 1451 1649 δὲ
1482 1597 1620 1664 πρὸς
1648 1594 1751 1667 τὴν
1782 1617 1914 1669 κυρ-

213 1681 319 1754 τὴν
375 1685 629 1754 ἐλαχίστη
689 1683 839 1739 ἐστὶν
894 1680 928 1754 ῆ
985 1681 1188 1754 μεταξὺ
1241 1685 1344 1738 τοῦ
1399 1688 1633 1755 σημείου
1677 1683 1770 1740 καὶ
1815 1687 1915 1756 τῆς

216 1772 535 1844 διαμέτρου,
577 1770 753 1838 οὕτως
791 1773 884 1827 καὶ
918 1772 1005 1828 ε’πὶ
1041 1776 1155 1828 τῶν
1195 1775 1297 1828 τοῦ
1329 1771 1519 1828 κώνου
1548 1777 1736 1844 τομῶν
1771 1778 1915 1846 ζητεῖ

213 1863 274 1916 ἐν
312 1864 388 1935 τῷ
427 1862 652 1935 πέμπτῳ
693 1866 907 1937 βιβλίῳ.
969 1864 1070 1917 τοῦ
1104 1861 1166 1917 δὲ
1206 1862 1368 1917 ἕκτου
1406 1861 1498 1917 καὶ
1535 1861 1782 1933 ἑβδόμου
1819 1862 1912 1918 καὶ

126 1959 184 1998 20
219 1946 431 2021 ὀγδόου
486 1953 680 2021 σαφῶς
734 1947 768 2021 ἡ
822 1949 1094 2023 πρόθεσις
1144 1948 1238 2006 ὑπ’
1291 1949 1469 2007 αὐτοῦ
1515 1957 1745 2022 εἴρηται.
1819 1951 1912 2006 καὶ

213 2042 385 2094 ταῦτα
425 2038 527 2110 μὲν
566 2039 689 2111 περὶ
730 2047 827 2111 τῆς
867 2041 1172 2111 ἐπιστολῆς.

317 2126 650 2199 Ἀρχόμενος
690 2127 752 2184 δὲ
790 2132 906 2185 τῶν
948 2126 1099 2199 ὅρων
1127 2128 1361 2201 γένεσιν
1393 2126 1708 2200 ὑπογράφει
1746 2151 1910 2185 κωνι-

209 2220 313 2288 κῆς
353 2219 703 2288 ἐπιφανείας,
745 2215 867 2273 ἄλλ’
913 2216 983 2273 οὐ
1020 2216 1122 2274 τὸν
1161 2222 1220 2273 τί
1254 2222 1368 2274 ἔστι
1403 2216 1699 2290 διορισμὸν
1737 2238 1911 2291 παρα-

214 2306 480 2361 δέδωκεν·
527 2309 700 2373 ἔξεστι
749 2306 811 2362 δὲ
849 2318 968 2372 τοῖς
1006 2308 1373 2378 βουλομένοις
1412 2309 1471 2362 ἐκ
1509 2310 1607 2378 τῆς
1643 2307 1911 2378 γενέσεως

123 2404 182 2443 25
216 2393 385 2466 αὐτῆς
426 2397 521 2450 τὸν
564 2393 701 2466 ὅρον
739 2395 1060 2468 λαμβάνειν.
1123 2400 1185 2452 τὸ
1227 2395 1287 2451 δὲ
1327 2395 1632 2468 λεγόμενον
1671 2392 1767 2451 ὑπ’
1811 2395 1909 2451 αύ-

211 2492 314 2539 τοῦ
356 2484 450 2538 διὰ
489 2492 851 2555 καταγραφῆς
889 2484 1063 2556 σαφὲς
1100 2483 1430 2555 ποιήσομεν·

323 2570 436 2628 ἐὰν
491 2568 606 2626 ἀπό
662 2594 843 2638 τινος
898 2578 1176 2644 σημείου
1224 2576 1384 2644 πρὸς
1433 2572 1687 2629 κύκλου
1731 2592 1908 2645 περι-

210 2663 487 2732 φέρειαν
527 2659 635 2715 καὶ
674 2658 748 2714 τὰ
789 2661 946 2731 ἑξῆς.
1012 2666 1149 2716 ἔστω
1189 2663 1392 2726 κύκλος
1432 2658 1461 2716 ὁ
1502 2667 1638 2732 ΑΒ,
1679 2653 1750 2717 οὗ
1788 2662 1906 2716 κέν-

333 2829 371 2867 1.
406 2819 534 2881 ἑξῆς]
571 2820 617 2867 ἕ-
648 2823 696 2867 in
728 2837 817 2867 ras,
852 2838 911 2868 m.
942 2829 963 2867 1
997 2837 1040 2879 p.
1181 2828 1222 2868 3.
1254 2819 1425 2880 ὑγειῶς
1455 2823 1529 2868 W.
1668 2814 1807 2878 εὗρεν
1830 2822 1905 2867 W.

271 2887 313 2926 5.
349 2881 647 2938 ἐπιχείρησεν
684 2886 799 2928 mut.
833 2883 883 2926 in
923 2880 1227 2940 ἐπεχείρησεν
1267 2897 1327 2926 m.
1364 2887 1386 2925 1
1420 2881 1495 2927 W.
1649 2887 1690 2925 7.
1730 2880 1904 2940 μέσων]

211 2943 413 2999 σημείων
437 2941 553 2999 Wp,
580 2956 695 2987 corr.
723 2940 898 2986 Comm.
1023 2947 1062 2986 9.
1089 2941 1235 2986 τόπωι
1257 2940 1331 2986 W.
1458 2946 1527 2988 12.
1561 2935 1658 2985 ἔστι
1682 2955 1726 2998 p.
1835 2945 1905 2985 12.
