2046 3256
433 183 683 225 EUTOCII
714 183 1150 225 COMMENTARIA
1180 184 1245 224 IN
1277 183 1513 225 CONICA.
1708 181 1811 232 177

134 303 307 356 basim
325 302 587 371 trianguli
603 301 1093 371 perpendicularem
1119 303 1386 371 supponit,
1412 302 1599 354 deinde
1618 304 1814 372 autem,

137 392 182 444 si
221 394 325 444 EZ
371 394 548 443 rectae
588 392 703 443 ΑΓ
748 389 1008 458 parallela
1055 390 1146 459 sit,
1202 390 1492 443 sectionem
1540 393 1712 442 KEA
1757 391 1811 442 in

132 479 411 549 superficie
443 479 564 531 coni
594 478 910 547 parabolam
943 478 1074 547 fieri,
1116 479 1198 530 sin
1223 482 1325 531 EZ
1358 498 1478 531 cum
1510 479 1681 531 latere
1705 483 1758 531 Α
1768 480 1822 531 Γ

134 570 286 620 extra
318 568 575 619 uerticem
601 568 721 620 coni
753 569 1036 619 concurrat
1058 569 1119 618 ut
1141 568 1197 619 in
1222 572 1290 634 A,
1323 568 1617 619 sectionem
1642 569 1814 619 ΚΕΛ

131 656 482 725 hyper-bolam
524 656 663 724 fieri,
705 655 788 707 sin
828 658 1007 708 autem
1048 659 1151 707 EZ
1193 673 1311 707 cum
1352 657 1469 708 ΑΓ
1506 656 1649 707 intra
1689 673 1814 708 con-

137 746 332 812 currat,
372 743 663 796 sectionem
701 743 817 794 fieri
858 742 1106 811 ellipsim,
1147 760 1307 811 quam
1340 743 1564 795 eandem
1605 746 1814 796 scutum

132 834 344 885 uocant.
420 830 798 883 uniuersaliter
843 830 1011 899 igitur
1051 830 1343 883 diametrus
1390 831 1683 899 parabolae
1723 834 1811 883 uni

131 920 294 973 lateri
338 919 602 988 trianguli
648 919 911 988 parallela
957 922 1060 987 est,
1113 919 1441 987 hyperbolae
1482 921 1662 971 autem
1703 918 1814 971 dia-

131 1012 333 1062 metrus
366 1027 486 1061 cum
519 1009 686 1060 latere
718 1006 980 1077 trianguli
1006 1008 1275 1060 concurrit
1298 1007 1364 1060 ad
1389 1010 1570 1075 partes
1597 1007 1815 1060 uerticis

132 1097 252 1151 coni
290 1115 500 1165 uersuS,
548 1096 752 1165 ellipsis
802 1099 980 1148 autem
1022 1096 1314 1148 diametrus
1355 1114 1475 1148 cum
1515 1096 1684 1147 latere
1724 1095 1817 1148 tri-

134 1186 320 1255 anguli
353 1186 626 1239 concurrit
658 1185 723 1236 ad
749 1187 928 1253 partes
960 1185 1107 1237 basis
1140 1203 1342 1237 uersus,
1399 1188 1453 1236 et
1476 1184 1578 1237 hoc
1605 1203 1815 1253 quoque

133 1275 264 1328 scire
284 1276 510 1343 oportet,
535 1274 850 1343 parabolam
873 1273 1331 1342 hyperbolamque
1349 1291 1532 1325 earum
1552 1273 1816 1324 linearum

135 1381 272 1432 esse,
326 1381 462 1431 quae
510 1364 567 1414 in
613 1362 882 1414 infinitum
931 1365 1197 1430 crescant,
1253 1362 1482 1430 ellipsim
1529 1379 1659 1414 uero
1707 1379 1817 1413 non

134 1469 271 1519 esse,
311 1469 373 1502 ea
415 1450 554 1502 enim
594 1453 712 1502 tota
750 1451 807 1501 in
848 1468 902 1501 se
943 1450 1170 1501 recurrit
1209 1450 1348 1501 sicut
1386 1449 1631 1502 circulus.

249 1538 353 1592 Sed
393 1556 511 1590 cum
553 1539 851 1606 complures
901 1540 1114 1589 exstent
1158 1537 1441 1607 editiones,
1492 1541 1552 1589 ut
1598 1537 1714 1606 ipse
1762 1538 1817 1589 in

137 1627 368 1696 epistula
422 1627 551 1679 dicit
605 1626 653 1693 [I
694 1645 744 1693 p.
785 1627 840 1694 2,
884 1627 950 1678 18
970 1627 1096 1694 sq.],
1153 1644 1242 1678 eas
1297 1625 1353 1677 in
1408 1644 1572 1678 unum
1627 1643 1817 1695 cogere

139 1716 306 1768 malui
345 1715 574 1768 clariora
614 1733 677 1766 ex
716 1714 805 1783 iis,
853 1732 988 1781 quae
1035 1713 1169 1765 mihi
1217 1731 1331 1766 sese
1379 1715 1711 1783 obtulerant,
1759 1714 1817 1765 in

136 1805 301 1858 uerba
342 1802 619 1872 scriptoris
663 1802 948 1870 recipienS,
995 1804 1056 1854 ut
1100 1802 1372 1854 institutio
1412 1802 1624 1854 facilior
1664 1805 1817 1871 esset,

135 1893 317 1946 uarios
358 1894 539 1944 autem
580 1890 986 1942 demonstrandi
1025 1890 1228 1959 modos»,
1266 1893 1327 1941 ut
1364 1907 1465 1958 par
1496 1893 1626 1959 erat,
1665 1894 1818 1943 extra

134 1981 191 2033 in
229 1981 447 2033 scholiis
489 1997 519 2031 a
559 1997 643 2031 me
684 1979 999 2047 compositis
1039 1978 1291 2031 indicare.

249 2069 378 2121 dicit
415 2067 584 2136 igitur
621 2067 678 2118 in
718 2066 966 2135 epistula,
1002 2067 1210 2135 priores
1244 2070 1502 2135 quattuor
1535 2068 1705 2121 libros
1737 2069 1818 2120 in-

137 2158 472 2209 stitutionem
522 2157 899 2207 elementarem
954 2155 1249 2223 continere3
1304 2174 1530 2223 quorum
1584 2157 1817 2224 primum

137 2244 371 2314 origines
418 2243 584 2296 trium
632 2243 931 2295 sectionum
975 2243 1095 2295 coni
1134 2245 1632 2312 oppositarumque,
1682 2263 1816 2313 quae

135 2334 411 2400 uocantur,
451 2335 512 2384 et
550 2331 987 2400 proprietates
1019 2349 1230 2383 earum
1262 2332 1658 2400 principales
1692 2350 1816 2385 con-

137 2421 308 2473 tinere
348 2419 397 2486 [I
436 2439 485 2488 p.
517 2420 568 2489 4,
604 2420 770 2488 lsq.].
849 2436 941 2471 eae
980 2437 1108 2471 uero
1149 2422 1297 2488 sunt,
1340 2438 1684 2489 quaecunque
1724 2439 1818 2488 per

136 2509 363 2576 primam
411 2508 627 2559 illarum
668 2508 929 2576 originem
970 2508 1246 2578 eueniunt,
1299 2527 1425 2560 nam
1474 2509 1636 2561 etiam
1684 2508 1816 2561 alias

141 2596 398 2664 quasdam
439 2595 843 2663 consequentias
884 2595 1098 2648 habent.
1177 2596 1346 2648 alter
1387 2600 1617 2664 autem,
1662 2615 1822 2665 quae⁷

200 2847 268 2887 18.
301 2840 471 2899 ἄμινον
501 2842 576 2888 W.
672 2847 738 2886 19.
775 2838 1094 2887 ἒνπιπτόντων
1125 2842 1200 2887 W.
1301 2847 1370 2886 23.
1405 2842 1548 2898 φησίν
1580 2842 1654 2887 W.
1746 2847 1816 2886 24.

139 2903 315 2960 βιβλία]
348 2907 554 2957 στοιχεῖα
584 2915 628 2956 Ρ.
738 2899 946 2956 περιέχει
976 2902 1051 2945 W.
1157 2900 1448 2958 στοιχειώδη]
1482 2900 1666 2957 Halley,
1699 2915 1816 2945 στοι-

140 2963 278 3016 χείων
311 2957 375 3004 δι’
410 2959 524 3016 Wp.
645 2965 715 3003 25.
747 2959 956 3016 περιέχει
986 2960 1168 3015 Halley.

227 3040 537 3083 Apollonius,
563 3042 620 3074 cd.
644 3042 825 3082 Heiberg.
857 3042 909 3074 Π.
1496 3036 1549 3075 12
