2020 3236
228 129 338 182 308
699 125 1140 170 COMMENTARIA
1169 125 1450 177 ANTIQUA.

228 247 390 318 ληλοι
451 247 515 301 αἱΙ
550 249 685 315 ΓΗ,
726 250 862 313 ΔΖ,
923 242 1017 298 καὶ
1070 241 1476 313 τετμήσθωσαν
1530 243 1659 314 δίχα
1713 243 1774 297 αί
1825 241 1928 314 μὲν

230 341 352 405 ΓΒ,
386 341 504 390 ΛΕ
530 332 667 390 κατὰ
701 332 768 388 τὰ
801 338 866 403 Θ,
892 337 964 402 K,
998 333 1060 387 αἱ
1089 329 1151 386 δὲ
1183 335 1313 402 ΓΗ,
1338 335 1450 386 ΔΖ
1479 329 1618 386 κατὰ
1648 329 1717 386 τὰ
1750 336 1819 403 Λ,
1844 337 1928 402 Μ,

229 425 322 480 καὶ
362 422 785 495 ἐπεζεύχθωσαν
823 423 885 476 αἱ
923 425 1049 490 ΘΚ,
1096 425 1228 476 ΛΜ

345 516 396 568 εἰ
440 511 539 583 μὲν
588 504 692 567 οὖν
739 513 912 566 πᾶσαι
960 511 1023 564 αἰ
1056 512 1122 582 τῇ
1155 512 1267 564 ΒΓ
1297 507 1647 581 παράλληλοι
1684 506 1795 565 ὑπὸ
1834 512 1934 581 τῆς

173 615 199 655 5
233 606 340 656 ΚΘ
379 602 830 672 διχοτομοῦνται,
869 601 1043 654 πᾶσαι
1083 597 1146 653 δὲ
1179 600 1241 653 αἰ
1267 605 1334 671 τῇ
1368 602 1490 654 ΓΗ
1509 594 1622 654 ὑπὸ
1656 600 1754 670 τῆς
1786 603 1931 667 ΜΛ,

231 695 331 762 μία
379 689 494 745 ἐστὶ
540 691 653 744 τῶν
685 690 803 744 ’τοῦ
849 686 1040 743 κώνου
1087 688 1276 758 τομῶν
1323 683 1357 758 ἡ
1398 690 1568 742 ΒΑΓ
1602 686 1933 759 διαμέτρους

233 782 437 850 ἔχουσα
467 775 565 843 τὰς
603 782 733 846 ΘΚ,
771 781 916 846 ΜΛ,
956 771 1007 831 εἰ
1045 774 1108 831 δὲ
1145 773 1241 847 μή,
1283 773 1367 831 οὔ.

344 865 518 922 πάλιν·
539 867 619 938 δέ,
651 870 785 920 ποία
808 867 923 920 τῶν
949 854 983 919 δ
1011 866 1181 935 ἐστίν,
1213 861 1546 936 εὑρίσκομεν
1576 863 1935 935 ἐκβάλλοντες

234 959 312 1022 εἰς
351 952 586 1027 ἄπειρον
625 951 715 1025 ἐφ’
761 951 990 1026 ἑκάτερα
1027 951 1095 1008 τὰ
1133 953 1272 1025 με’ρη
1312 951 1410 1018 τὰς
1453 957 1580 1024 ΘΚ,
1607 957 1746 1009 AM.
1814 950 1937 1025 ’ἤτοι

149 1058 204 1098 10
236 1043 340 1116 γὰρ
392 1042 745 1116 παράλληλοί
786 1045 956 1112 εἰσιν,
1003 1045 1102 1097 καί
1113 1114 1115 1116 ¹
1143 1043 1259 1097 ἐστι
1300 1040 1620 1113 παραβολή,
1667 1040 1703 1113 ἢ
1744 1039 1832 1097 ἐπὶ
1870 1039 1936 1098 τὰ

236 1139 300 1202 Θ,
333 1138 384 1187 Λ
424 1133 561 1203 μέρη
595 1135 1026 1202 συμπίπτουσιν,
1066 1134 1165 1185 καί
1191 1132 1344 1186 ἐστιν
1377 1134 1620 1197 ἔλλειψις
1650 1126 1685 1201 ἢ
1717 1130 1936 1201 κύκλος,

234 1218 271 1291 ,ἢ
313 1220 401 1276 ἐπὶ
439 1218 506 1275 τὰ
541 1220 717 1291 ἕτερα,
756 1222 855 1273 καί
889 1220 1042 1274 ἐστιν
1080 1215 1379 1290 ὑπερβολή.
1447 1219 1552 1290 τὴν
1594 1217 1657 1274 δὲ
1690 1222 1938 1284 ἔλλειψιν

237 1319 339 1364 τοῦ
385 1308 598 1364 κύκλου
642 1310 1044 1378 διακρινοῦμεν
1091 1304 1202 1362 ἀπὸ
1250 1309 1353 1362 τοῦ
1393 1311 1627 1378 σημείου
1665 1309 1762 1378 τῆς
1801 1322 1934 1378 συμ-

237 1397 497 1462 πτώσεως
527 1399 642 1453 τῶν
674 1401 804 1466 ΑΘ,
836 1400 973 1466 ΝΛ,
1016 1393 1148 1468 ὅπερ
1179 1396 1416 1466 κέντρον
1448 1399 1673 1466 γίνεται.
1757 1399 1809 1451 εἰ
1837 1395 1940 1468 μὲν

153 1500 207 1540 15
239 1486 344 1559 γὰρ
386 1493 501 1541 ἴσαι
542 1485 686 1541 εἰσὶν
726 1487 790 1539 αἱ
823 1480 919 1539 ἀπ’
965 1482 1141 1539 αὐτοῦ
1180 1485 1317 1556 πρὸς
1346 1484 1452 1555 τὴν
1483 1483 1746 1556 γραμμὴν
1777 1503 1961 1555 προς-,

238 1580 560 1645 πίπτουσαι,
593 1576 790 1644 δῆλον,
824 1570 910 1629 ὅτι
940 1571 1154 1628 κύκλου
1187 1572 1303 1628 ἐστὶ
1334 1574 1660 1645 περιφέρεια
1690 1571 1725 1644 ἡ
1758 1577 1941 1643 ΑΒΓ,

239 1668 297 1719 εί
328 1663 390 1719 δὲ
429 1662 523 1735 μή,
563 1666 817 1730 ἔλλειψις.

338 1750 533 1808 ’Ἑστιν
574 1749 745 1816 αὐτὰς
786 1753 1070 1822 διακρῖναι
1108 1750 1200 1806 καὶ
1239 1750 1421 1815 ἄλλως
1460 1747 1568 1806 ἀπὸ
1606 1758 1720 1806 τῶν
1757 1771 1944 1820 τεταγ-

243 1842 423 1911 μένως
464 1840 550 1896 ἐπὶ
590 1839 696 1911 τὴν
736 1840 1037 1912 διάμετρον
1068 1840 1482 1910 καταγομένων,
1523 1834 1648 1895 οἷον
1679 1842 1792 1895 τῶν
1826 1843 1943 1909 ΓΘ,

152 1943 210 1984 20
243 1935 374 1985 AK.
451 1933 503 1985 εἰ
548 1928 651 2000 μὲν
698 1927 805 2000 γὰρ
855 1935 969 1999 εἴη,
1018 1925 1094 1993 ὡς
1139 1932 1201 1984 τὸ
1250 1925 1359 1983 ἀπὸ
1399 1933 1506 1984 ΓΘ
1551 1931 1690 2000 πρὸς
1727 1930 1790 1982 τὸ
1830 1925 1943 1983 ἀπὸ

242 2023 388 2088 ΔΚ,
438 2015 615 2083 οὕτως
653 2013 687 2088 ἡ
731 2023 839 2072 ΘΛ
876 2017 1019 2088 πρὸς
1056 2021 1200 2087 ΑΚ,
1247 2015 1539 2090 παραβολή
1578 2018 1755 2085 ἐστιν,
1795 2019 1848 2072 εἰ
1885 2016 1947 2071 δὲ

242 2128 305 2162 το
362 2103 470 2161 ἀπὸ
529 2110 639 2161 ΘΓ
683 2105 822 2178 πρὸς
874 2104 937 2161 τὸ
993 2104 1103 2161 ἀπὸ
1153 2110 1276 2160 ΔΚ
1324 2109 1548 2177 μείζονα
1603 2104 1778 2176 λόγον
1833 2107 1945 2178 ἔχει

242 2194 381 2266 ἥπερ
436 2192 471 2265 ἡ
527 2200 637 2250 ΘΑ
690 2193 832 2266 πρὸς
877 2199 1018 2265 ΑΚ,
1074 2191 1384 2265 ὑπερβολή,
1439 2196 1492 2249 εἰ
1544 2192 1607 2249 δὲ
1661 2191 1946 2263 ἐλάττονα,

244 2288 498 2349 ἔλλειψις.

155 2385 213 2425 25
357 2372 471 2426 Καὶ
519 2369 627 2448 ἀπὸ
675 2374 789 2426 τῶν
836 2371 1239 2443 ἑφαπτομένων
1288 2370 1536 2427 δυνατόν
1585 2371 1735 2427 ἐστιν
1774 2368 1946 2437 αὐτὰς

246 2462 529 2532 διακρῖναι
562 2457 1028 2530 ἀναμνησθέντας
1058 2463 1172 2515 τῶν
1205 2459 1514 2531 εἰρημένων
1547 2455 1741 2524 αὐταῖς
1770 2458 1948 2529 ὑπάρ-

246 2570 363 2620 χειν
403 2546 680 2618 ἀνωτέρω.

366 2715 406 2755 2.
442 2710 503 2768 Θ]
537 2712 626 2755 ΑΘ
657 2709 772 2766 Wp,
805 2722 921 2754 corr.
957 2709 1131 2754 Comm.
1233 2709 1273 2754 6.
1309 2705 1433 2753 ἐστίν
1465 2709 1539 2752 W.
1640 2707 1938 2766 διαμέτρους]

246 2785 290 2826 p,
324 2783 438 2814 corr.
474 2784 530 2813 ex
562 2768 813 2825 διάμετρος
843 2782 903 2813 m.
939 2773 961 2811 1
997 2768 1070 2813 W.
1219 2773 1258 2813 7.
1302 2766 1376 2826 δέ]
1411 2766 1579 2824 scripsi
1611 2781 1717 2812 cum
1750 2766 1946 2823 Comm.,

245 2828 335 2885 γάρ
367 2828 483 2885 Wp,
639 2833 707 2873 10.
750 2824 866 2896 ἐστι]
909 2823 1033 2871 ἐστιν
1082 2828 1155 2871 W.
1311 2826 1786 2885 11.“συμπι’πτουσιν]
1829 2840 1944 2884 συμ-

245 2917 477 2961 πίπτωσιν
511 2916 584 2971 W,
620 2901 811 2973 σύμπτῶ
845 2930 897 2972 p,
932 2928 1046 2959 corr.
1079 2914 1263 2971 Halley.
1380 2920 1449 2958 14.
1483 2916 1587 2969 ΑΘ,
1613 2915 1730 2973 NA]
1765 2913 1947 2972 scripsi,
