2020 3236
234 141 342 194 360
703 141 1140 183 GOMMENTARIA
1170 131 1473 192 ANTIQUA.'

233 259 325 314 καὶ
389 258 849 330 συμπιπτέτωσαν
904 255 1167 326 ἀλλήλαις
1219 255 1356 313 κατὰ
1413 254 1477 312 τὸ
1525 259 1579 311 Γ
1625 253 1782 321 ἐντὸς
1833 258 1930 326 τῆς

234 347 596 419 περιεχούσης
633 351 841 419 γωνίας
882 346 985 417 τὴν
1022 352 1131 402 AB
1168 345 1368 418 τομήν·
1416 342 1669 417 φανερὸν
1709 342 1799 415 δή,
1843 342 1930 400 ὅτι

235 439 296 493 αἱ
325 440 449 505 ΑΓ,
482 441 582 491 ΓΒ
625 435 1026 506 ἐκβαλλόμεναι
1059 434 1127 490 οὐ
1160 435 1576 505 συμπεσοῦνται
1605 442 1728 498 ταῖς
1758 429 1929 504 ἀσυμ-

233 523 468 589 πτιότοις
520 527 618 596 τῆς
666 530 718 579 Ε
765 527 962 595 τομῆς,
1017 521 1158 579 ἀλλὰ
1211 522 1565 594 περιέχουσιν
1620 517 1793 586 αὐτὰς
1837 521 1931 576 καὶ

235 611 380 668 πολὺ
403 613 575 668 πλέον
597 613 703 682 τὴν
723 617 773 666 Ε
793 610 986 683 τομήν.
1025 610 1116 666 καὶ
1134 611 1249 666 ἐπεὶ
1266 613 1363 681 τῆς
1381 615 1496 665 ΑΔ
1512 612 1683 681 τομῆς
1699 609 1929 683 ἐφάπτε-

235 723 324 757 ται
364 699 397 771 ἡ
431 705 555 770 ΑΓ,
589 723 623 771 η
656 705 776 755 ΛΓ
807 698 916 769 ἄρα
949 698 1020 755 οὐ
1050 710 1406 771 συμπεσεῖται
1436 701 1502 772 τῇ
1536 702 1653 754 ΒΗ.
1723 695 1932 770 ὁμοίως

237 790 307 861 δὴ
357 792 638 861 δείξομεν,
689 787 772 845 ὅτι
820 786 853 859 ἡ
902 793 1013 844 ΒΓ
1053 786 1122 844 οὐ
1169 799 1526 859 συμπεσεῖται
1573 790 1639 860 τῇ
1690 792 1818 842 ΑΔ.
1894 783 1929 858 ἡ

237 877 346 948 ἄρα
409 884 461 933 Ε
517 878 655 950 τομὴ
720 875 954 951 οὐδεμιᾷ
1013 880 1128 933 τῶν
1184 884 1322 949 ΑΔ,
1376 881 1498 931 ΒΗ
1548 878 1735 947 τομῶν
1796 891 1932 946 συμ-

235 978 493 1022 πεσεῖται.

357 1164 399 1204 4.
440 1157 760 1216 περιέχουσιν]
795 1157 988 1214 Halley‚
1026 1155 1302 1214 περιέχωσιν
1334 1157 1448 1213 Wp.
1603 1159 1643 1201 5.
1686 1152 1819 1214 ἐπεί]
1855 1153 1940 1200 ἐπί

238 1217 354 1275 Wp,
387 1232 500 1262 corr.
536 1217 698 1263 Comm
818 1223 854 1261 Α
865 1218 927 1275 Δ]
961 1221 1042 1261 AB
1075 1217 1190 1274 Wp,
1223 1231 1337 1262 corr.
1371 1215 1546 1261 Comm.
1671 1219 1708 1260 7⁴
1742 1218 1844 1261 ΑΔ.
1877 1212 1930 1273 ἡ]

238 1292 284 1334 p,
316 1281 467 1321 ΑΔΗ
494 1278 566 1324 W.
691 1277 885 1335 8.BH]
924 1278 1099 1333 ΘΗΡ.
