2046 3224
622 135 976 178 CONICORUM
1006 135 1188 176 LIBER
1216 136 1292 178 IV.
1755 135 1787 185 9

917 282 985 334 ΙΙ.

220 387 369 441 Haec
417 386 632 456 quidem
679 386 1034 439 communiter
1080 386 1137 437 in
1177 385 1426 439 omnibus
1468 386 1792 439 sectionibus

108 475 555 543 demonstrantur,
595 476 652 527 in
690 474 987 544 hyperbola
1026 479 1207 527 autem
1248 474 1364 527 sola
1402 474 1591 527 hocce:

223 564 268 617 si
294 567 403 616 AB
437 564 719 633 contingit,
752 565 868 615 ΔΓ
894 565 1073 615 autem
1105 563 1160 616 in
1193 563 1398 616 duobus
1423 563 1636 631 punctis
1661 566 1724 630 E,
1749 564 1802 614 Γ

111 655 271 722 secat,
303 654 356 704 et
378 654 580 721 puncta
604 654 735 722 E‚F
759 654 1018 720 punctum
1046 653 1322 704 contactus
1344 655 1390 703 B
1418 651 1711 721 continent,
1742 653 1796 703 et

0 773 1 795 ÷
107 743 367 810 punctum
400 744 454 792 A
493 740 638 793 intra
678 741 937 810 angulum
977 741 1045 793 ab
1086 740 1410 809 asymptotis
1451 738 1795 808 comprehen-

110 847 228 882 sum
282 829 520 897 positum
576 832 677 898 est,
732 828 1121 882 demonstratio
1171 828 1416 881 similiter
1463 827 1795 897 conficietur3

107 935 232 970 nam
277 917 394 971 fieri
439 919 642 986 potest,
688 920 749 970 ut
794 936 825 970 a
864 920 919 968 A
965 919 1165 986 puncto
1214 917 1376 969 aliam
1421 918 1622 969 rectam
1675 933 1795 968 con·

107 1006 410 1075 tingentem
443 1010 560 1057 AA
601 1007 854 1060 ducamus
897 1013 949 1059 et
986 1006 1248 1075 reliquam
1280 1004 1793 1057 demonstrationem

110 1094 357 1148 similiter
396 1094 757 1148 conficiamus,

906 1227 1001 1279 III.

220 1331 415 1384 Iisdem
457 1332 649 1400 positis
694 1334 893 1400 puncta
941 1334 1004 1400 E,
1037 1332 1087 1383 Γ
1127 1332 1387 1400 punctum
1432 1331 1707 1382 contactus
1747 1332 1793 1380 B

1083 1418 1225 1470 inter
1266 1435 1320 1469 se
1363 1434 1428 1468 ne
1470 1417 1796 1486 contineant,

725 1483 781 1524 B
1084 1508 1342 1574 punctum
1368 1508 1550 1558 autem
1574 1508 1629 1556 A
1652 1504 1796 1557 intra

1085 1594 1342 1664 angulum
1377 1594 1444 1645 ab
1475 1594 1796 1663 asymptotis

1086 1682 1530 1751 comprehensum
1558 1683 1796 1750 positum

1086 1771 1170 1824 sit.
1243 1771 1422 1838 itaque
1454 1771 1570 1822 fieri
1601 1773 1798 1840 potest,

136 1873 188 1913 A
1084 1861 1145 1910 ut
1198 1876 1229 1910 a
1276 1862 1331 1909 A
1386 1859 1546 1910 aliam
1595 1859 1798 1911 contin-

1086 1948 1304 2016 gentem
1331 1945 1581 1999 ducamus
1608 1951 1717 1999 AA
1744 1950 1798 1999 et

1084 2035 1289 2104 reliqua
1315 2035 1563 2087 similiter
1581 2034 1798 2088 demon-

1088 2126 1335 2176 stremus.

870 2025 918 2064 Z

715 2097 775 2142 A
949 2109 1015 2151 Γ

903 2268 999 2323 IV.

227 2372 425 2425 Iisdem
465 2371 658 2440 positis
700 2371 745 2423 si
785 2372 986 2439 puncta
1026 2389 1312 2424 concursus
1353 2375 1416 2440 Ε,
1456 2374 1509 2423 Γ
1539 2374 1799 2440 punctum

117 2464 392 2514 contactus
433 2463 479 2511 B
528 2459 826 2528 continent,
876 2462 930 2510 A
978 2460 1155 2511 autem
1203 2461 1462 2527 punctum
1502 2460 1558 2512 in
1600 2461 1797 2529 angulo

116 2548 352 2617 positum
399 2550 504 2615 est,
552 2546 642 2614 qui
682 2546 878 2615 angulo
928 2546 994 2598 ab
1045 2547 1367 2615 asymptotis
1415 2547 1797 2615 comprehenso

120 2635 365 2704 deinceps
424 2634 635 2704 positus
691 2636 794 2703 est,
856 2636 1003 2687 recta
1058 2651 1089 2685 a
1142 2637 1342 2701 puncto
1399 2638 1676 2688 contactus
1732 2635 1798 2687 ad

117 2725 373 2792 punctum
421 2722 699 2775 diuisionis
747 2722 906 2774 ducta
953 2739 1072 2774 cum
1114 2722 1346 2775 sectione
1388 2722 1637 2791 opposita
1676 2740 1797 2775 oon-

121 2813 318 2880 curret,
365 2813 419 2863 et
463 2812 608 2863 recta
656 2828 687 2862 a
733 2813 933 2878 puncto
974 2827 1261 2863 concursus
1295 2810 1453 2863 ducta
1492 2810 1799 2878 oppositam

119 2899 411 2968 continget.
