<?xml version="1.0" encoding="UTF-8"?>
<!DOCTYPE html PUBLIC "-//W3C//DTD XHTML 1.0 Transitional//EN"
    "http://www.w3.org/TR/xhtml1/DTD/xhtml1-transitional.dtd">
<html xmlns="http://www.w3.org/1999/xhtml" xml:lang="en" lang="en">
 <head>
  <title>
</title>
<meta http-equiv="Content-Type" content="text/html;charset=utf-8" />
  <meta name='ocr-system' content='tesseract 3.04.00' />
  <meta name='ocr-capabilities' content='ocr_page ocr_carea ocr_par ocr_line ocrx_word'/>
</head>
<body>
  <div class='ocr_page' id='page_1' title='image "apolloniipergaei02apoluoft_0235.png"; bbox 0 0 2046 3256; ppageno 0'>
   <div class='ocr_carea' id='block_1_1' title="bbox 0 0 148 768">
    <p class='ocr_par' dir='ltr' id='par_1_1' title="bbox 0 0 148 768">
     <span class='ocr_line' id='line_1_1' title="bbox 0 0 148 768; baseline 0 2488"><span class='ocrx_word' id='word_1_1' title='bbox 0 0 148 768; x_wconf 95' lang='lat' dir='ltr'><em> </em></span> 
     </span>
    </p>
   </div>
   <div class='ocr_carea' id='block_1_2' title="bbox 7 1149 56 2089">
    <p class='ocr_par' dir='ltr' id='par_1_2' title="bbox 7 1149 56 2089">
     <span class='ocr_line' id='line_1_2' title="bbox 7 1149 56 2089; baseline 0 0"><span class='ocrx_word' id='word_1_2' title='bbox 7 1149 56 2089; x_wconf 95' lang='lat' dir='ltr'><em> </em></span> 
     </span>
    </p>
   </div>
   <div class='ocr_carea' id='block_1_3' title="bbox 931 631 977 690">
    <p class='ocr_par' dir='ltr' id='par_1_3' title="bbox 931 631 977 690">
     <span class='ocr_line' id='line_1_3' title="bbox 931 631 977 690; baseline 0 0"><span class='ocrx_word' id='word_1_3' title='bbox 931 631 977 690; x_wconf 89' lang='grc' dir='ltr'><em>Ι.</em></span> 
     </span>
    </p>
   </div>
   <div class='ocr_carea' id='block_1_4' title="bbox 155 778 1752 981">
    <p class='ocr_par' dir='ltr' id='par_1_4' title="bbox 155 778 1752 981">
     <span class='ocr_line' id='line_1_4' title="bbox 819 778 1088 837; baseline 0 0"><span class='ocrx_word' id='word_1_4' title='bbox 819 778 1088 837; x_wconf 86' lang='grc' dir='ltr'>ΡΑΡΡΙ</span> 
     </span>
     <span class='ocr_line' id='line_1_5' title="bbox 155 895 1752 981; baseline -0.001 -24"><span class='ocrx_word' id='word_1_5' title='bbox 155 898 552 957; x_wconf 81' lang='lat' dir='ltr'><strong>LEMMATA</strong></span> <span class='ocrx_word' id='word_1_6' title='bbox 591 898 681 957; x_wconf 87' lang='lat' dir='ltr'><em>IN</em></span> <span class='ocrx_word' id='word_1_7' title='bbox 723 895 1179 958; x_wconf 77' lang='lat' dir='ltr'>CONICORUM</span> <span class='ocrx_word' id='word_1_8' title='bbox 1215 896 1494 955; x_wconf 81' lang='lat' dir='ltr'>LIBROS</span> <span class='ocrx_word' id='word_1_9' title='bbox 1534 895 1752 981; x_wconf 65' lang='lat' dir='ltr'>1—IV.</span> 
     </span>
    </p>
   </div>
   <div class='ocr_carea' id='block_1_5' title="bbox 110 1040 1880 1214">
    <p class='ocr_par' dir='ltr' id='par_1_5' title="bbox 110 1040 1880 1214">
     <span class='ocr_line' id='line_1_6' title="bbox 110 1040 1791 1112; baseline -0.001 -17"><span class='ocrx_word' id='word_1_10' title='bbox 110 1042 329 1112; x_wconf 83' lang='lat' dir='ltr'>Pappus</span> <span class='ocrx_word' id='word_1_11' title='bbox 354 1041 475 1111; x_wconf 87' lang='lat' dir='ltr'><strong>VII,</strong></span> <span class='ocrx_word' id='word_1_12' title='bbox 507 1042 802 1094; x_wconf 76' lang='lat'><strong>233—272</strong></span> <span class='ocrx_word' id='word_1_13' title='bbox 834 1061 884 1111; x_wconf 89' lang='lat' dir='ltr'><em>p.</em></span> <span class='ocrx_word' id='word_1_14' title='bbox 903 1042 1025 1111; x_wconf 82' lang='lat'><em>918,</em></span> <span class='ocrx_word' id='word_1_15' title='bbox 1043 1041 1329 1110; x_wconf 77' lang='grc'><em>22-952,</em></span> <span class='ocrx_word' id='word_1_16' title='bbox 1355 1041 1424 1094; x_wconf 79' lang='grc'><em>23</em></span> <span class='ocrx_word' id='word_1_17' title='bbox 1452 1041 1528 1094; x_wconf 83' lang='lat' dir='ltr'><em>ed.</em></span> <span class='ocrx_word' id='word_1_18' title='bbox 1547 1040 1791 1095; x_wconf 81' lang='lat' dir='ltr'>Hultsch.</span> 
     </span>
     <span class='ocr_line' id='line_1_7' title="bbox 844 1156 1880 1214; baseline 0.001 -3"><span class='ocrx_word' id='word_1_19' title='bbox 844 1160 956 1212; x_wconf 84' lang='grc' dir='ltr'><em>Τοῦ</em></span> <span class='ocrx_word' id='word_1_20' title='bbox 996 1156 1069 1214; x_wconf 86' lang='grc' dir='ltr'><em>α’.</em></span> <span class='ocrx_word' id='word_1_21' title='bbox 1854 1173 1880 1212; x_wconf 82' lang='grc'>5</span> 
     </span>
    </p>
   </div>
   <div class='ocr_carea' id='block_1_6' title="bbox 225 1254 1792 1332">
    <p class='ocr_par' dir='ltr' id='par_1_6' title="bbox 225 1254 1792 1332">
     <span class='ocr_line' id='line_1_8' title="bbox 225 1254 1792 1332; baseline 0.001 -17"><span class='ocrx_word' id='word_1_22' title='bbox 225 1260 297 1317; x_wconf 90' lang='grc' dir='ltr'><em>α’.</em></span> <span class='ocrx_word' id='word_1_23' title='bbox 353 1262 532 1316; x_wconf 76' lang='grc' dir='ltr'><em>’Έστω</em></span> <span class='ocrx_word' id='word_1_24' title='bbox 587 1263 792 1331; x_wconf 92' lang='grc' dir='ltr'><em>κῶνος,</em></span> <span class='ocrx_word' id='word_1_25' title='bbox 848 1254 914 1315; x_wconf 78' lang='grc' dir='ltr'><em>οὗ</em></span> <span class='ocrx_word' id='word_1_26' title='bbox 964 1259 1125 1332; x_wconf 79' lang='grc' dir='ltr'><em>βάσις</em></span> <span class='ocrx_word' id='word_1_27' title='bbox 1179 1261 1280 1332; x_wconf 75' lang='grc' dir='ltr'><em>μὲν</em></span> <span class='ocrx_word' id='word_1_28' title='bbox 1337 1258 1365 1316; x_wconf 82' lang='grc' dir='ltr'><em>ὃ</em></span> <span class='ocrx_word' id='word_1_29' title='bbox 1416 1266 1523 1315; x_wconf 88' lang='grc' dir='ltr'><em>ΑΒ</em></span> <span class='ocrx_word' id='word_1_30' title='bbox 1576 1259 1792 1328; x_wconf 82' lang='grc' dir='ltr'><strong><em>κύκλος,</em></strong></span> 
     </span>
    </p>
   </div>
   <div class='ocr_carea' id='block_1_7' title="bbox 34 1347 1881 1773">
    <p class='ocr_par' dir='ltr' id='par_1_7' title="bbox 47 1347 1792 1427">
     <span class='ocr_line' id='line_1_9' title="bbox 47 1347 1792 1427; baseline -0.002 -22"><span class='ocrx_word' id='word_1_31' title='bbox 47 1396 49 1427; x_wconf 72' lang='lat'>3</span> <span class='ocrx_word' id='word_1_32' title='bbox 111 1350 330 1422; x_wconf 85' lang='grc' dir='ltr'><em>κορυφὴ</em></span> <span class='ocrx_word' id='word_1_33' title='bbox 374 1349 435 1404; x_wconf 72' lang='grc' dir='ltr'><em>δὲ</em></span> <span class='ocrx_word' id='word_1_34' title='bbox 473 1353 534 1405; x_wconf 93' lang='grc' dir='ltr'><em>τὸ</em></span> <span class='ocrx_word' id='word_1_35' title='bbox 567 1353 620 1403; x_wconf 91' lang='grc' dir='ltr'><em>Γ</em></span> <span class='ocrx_word' id='word_1_36' title='bbox 652 1360 897 1420; x_wconf 76' lang='grc' dir='ltr'><em>σημεῖον.</em></span> <span class='ocrx_word' id='word_1_37' title='bbox 959 1353 1009 1404; x_wconf 85' lang='grc' dir='ltr'><em>εί</em></span> <span class='ocrx_word' id='word_1_38' title='bbox 1045 1349 1147 1420; x_wconf 77' lang='grc' dir='ltr'><em>μὲν</em></span> <span class='ocrx_word' id='word_1_39' title='bbox 1188 1351 1291 1404; x_wconf 87' lang='grc' dir='ltr'><em>οὐν</em></span> <span class='ocrx_word' id='word_1_40' title='bbox 1324 1347 1611 1418; x_wconf 79' lang='grc' dir='ltr'><em>ἰσοσκελής</em></span> <span class='ocrx_word' id='word_1_41' title='bbox 1644 1350 1792 1403; x_wconf 88' lang='grc' dir='ltr'><em>ἐστιν</em></span> 
     </span>
    </p>

    <p class='ocr_par' dir='ltr' id='par_1_8' title="bbox 18 1435 1792 1597">
     <span class='ocr_line' id='line_1_10' title="bbox 41 1435 1792 1509; baseline -0.001 -16"><span class='ocrx_word' id='word_1_42' title='bbox 41 1438 48 1442; x_wconf 63' lang='grc'><em>”</em></span> <span class='ocrx_word' id='word_1_43' title='bbox 115 1435 144 1492; x_wconf 86' lang='grc' dir='ltr'>ὁ</span> <span class='ocrx_word' id='word_1_44' title='bbox 182 1440 379 1506; x_wconf 89' lang='grc' dir='ltr'><em>κῶνος,</em></span> <span class='ocrx_word' id='word_1_45' title='bbox 421 1436 688 1509; x_wconf 86' lang='grc' dir='ltr'><em>φανερόν,</em></span> <span class='ocrx_word' id='word_1_46' title='bbox 730 1435 813 1492; x_wconf 84' lang='grc' dir='ltr'><em>ὅτι</em></span> <span class='ocrx_word' id='word_1_47' title='bbox 852 1441 1023 1492; x_wconf 77' lang='grc' dir='ltr'><em>πᾶσαι</em></span> <span class='ocrx_word' id='word_1_48' title='bbox 1063 1440 1124 1492; x_wconf 74' lang='grc' dir='ltr'><em>αἱ</em></span> <span class='ocrx_word' id='word_1_49' title='bbox 1160 1436 1266 1492; x_wconf 78' lang='grc' dir='ltr'><em>ἀπὸ</em></span> <span class='ocrx_word' id='word_1_50' title='bbox 1305 1439 1407 1493; x_wconf 85' lang='grc' dir='ltr'><em>τοῦ</em></span> <span class='ocrx_word' id='word_1_51' title='bbox 1437 1442 1490 1492; x_wconf 94' lang='grc' dir='ltr'><strong><em>Γ</em></strong></span> <span class='ocrx_word' id='word_1_52' title='bbox 1521 1439 1657 1508; x_wconf 83' lang='grc' dir='ltr'><em>πρὸς</em></span> <span class='ocrx_word' id='word_1_53' title='bbox 1695 1438 1792 1492; x_wconf 91' lang='grc' dir='ltr'><em>τὸν</em></span> 
     </span>
     <span class='ocr_line' id='line_1_11' title="bbox 115 1523 1792 1597; baseline -0.001 -17.109"><span class='ocrx_word' id='word_1_54' title='bbox 115 1531 222 1580; x_wconf 91' lang='lat' dir='ltr'><em>AB</em></span> <span class='ocrx_word' id='word_1_55' title='bbox 252 1525 462 1581; x_wconf 81' lang='grc' dir='ltr'><em>κύκλον</em></span> <span class='ocrx_word' id='word_1_56' title='bbox 494 1530 937 1597; x_wconf 79' lang='grc' dir='ltr'><em>προσπίπτουσαι</em></span> <span class='ocrx_word' id='word_1_57' title='bbox 969 1524 1181 1581; x_wconf 80' lang='grc' dir='ltr'><em>εὐθεῖαι</em></span> <span class='ocrx_word' id='word_1_58' title='bbox 1207 1533 1320 1581; x_wconf 81' lang='grc' dir='ltr'><em>ἴσαι</em></span> <span class='ocrx_word' id='word_1_59' title='bbox 1346 1523 1609 1596; x_wconf 79' lang='grc' dir='ltr'><em>ἀλλήλαις</em></span> <span class='ocrx_word' id='word_1_60' title='bbox 1633 1527 1792 1593; x_wconf 85' lang='grc' dir='ltr'><em>εἰσίν,</em></span> 
     </span>
    </p>

    <p class='ocr_par' dir='ltr' id='par_1_9' title="bbox 16 1606 1881 1779">
     <span class='ocr_line' id='line_1_12' title="bbox 34 1606 1881 1686; baseline -0.001 -18"><span class='ocrx_word' id='word_1_61' title='bbox 34 1606 47 1649; x_wconf 64' lang='lat' dir='ltr'>i</span> <span class='ocrx_word' id='word_1_62' title='bbox 115 1616 165 1668; x_wconf 84' lang='grc' dir='ltr'><em>εἰ</em></span> <span class='ocrx_word' id='word_1_63' title='bbox 218 1613 280 1668; x_wconf 74' lang='grc' dir='ltr'><em>δὲ</em></span> <span class='ocrx_word' id='word_1_64' title='bbox 334 1612 635 1684; x_wconf 88' lang='grc' dir='ltr'><em>σκαληνός,</em></span> <span class='ocrx_word' id='word_1_65' title='bbox 691 1618 826 1668; x_wconf 80' lang='grc' dir='ltr'><em>ἔστω</em></span> <span class='ocrx_word' id='word_1_66' title='bbox 883 1611 1098 1686; x_wconf 77' lang='grc' dir='ltr'><em>εὑρεῖν,</em></span> <span class='ocrx_word' id='word_1_67' title='bbox 1152 1619 1234 1679; x_wconf 88' lang='grc' dir='ltr'><em>τίς</em></span> <span class='ocrx_word' id='word_1_68' title='bbox 1286 1618 1511 1685; x_wconf 76' lang='grc' dir='ltr'><em>μεγίστη</em></span> <span class='ocrx_word' id='word_1_69' title='bbox 1566 1613 1659 1668; x_wconf 86' lang='grc' dir='ltr'><em>καὶ</em></span> <span class='ocrx_word' id='word_1_70' title='bbox 1711 1617 1793 1678; x_wconf 83' lang='grc' dir='ltr'><em>τίς</em></span> <span class='ocrx_word' id='word_1_71' title='bbox 1829 1630 1881 1668; x_wconf 89' lang='lat'><em>10</em></span> 
     </span>
     <span class='ocr_line' id='line_1_13' title="bbox 114 1703 380 1773; baseline -0.003 -16.269"><span class='ocrx_word' id='word_1_72' title='bbox 114 1703 380 1773; x_wconf 80' lang='grc' dir='ltr'><em>ἐλαχίστη.</em></span> 
     </span>
    </p>
   </div>
   <div class='ocr_carea' id='block_1_8' title="bbox 230 1788 259 1806">
    <p class='ocr_par' dir='ltr' id='par_1_10' title="bbox 230 1788 259 1806">
     <span class='ocr_line' id='line_1_14' title="bbox 230 1788 259 1806; baseline 0 0"><span class='ocrx_word' id='word_1_73' title='bbox 230 1788 259 1806; x_wconf 65' lang='grc' dir='ltr'><em>,Ι</em></span> 
     </span>
    </p>
   </div>
   <div class='ocr_carea' id='block_1_9' title="bbox 223 1787 1791 1862">
    <p class='ocr_par' dir='ltr' id='par_1_11' title="bbox 223 1787 1791 1862">
     <span class='ocr_line' id='line_1_15' title="bbox 223 1787 1791 1862; baseline 0 -18"><span class='ocrx_word' id='word_1_74' title='bbox 223 1797 378 1861; x_wconf 86' lang='grc' dir='ltr'><em>ηχθω</em></span> <span class='ocrx_word' id='word_1_75' title='bbox 431 1812 540 1860; x_wconf 74' lang='grc' dir='ltr'><em>γαρ</em></span> <span class='ocrx_word' id='word_1_76' title='bbox 596 1787 702 1846; x_wconf 79' lang='grc' dir='ltr'><em>ἀπὸ</em></span> <span class='ocrx_word' id='word_1_77' title='bbox 749 1800 848 1846; x_wconf 84' lang='grc' dir='ltr'><em>τοῦ</em></span> <span class='ocrx_word' id='word_1_78' title='bbox 896 1796 949 1845; x_wconf 95' lang='grc' dir='ltr'><em>Γ</em></span> <span class='ocrx_word' id='word_1_79' title='bbox 996 1795 1227 1862; x_wconf 79' lang='grc' dir='ltr'><em>σημείου</em></span> <span class='ocrx_word' id='word_1_80' title='bbox 1281 1791 1369 1846; x_wconf 82' lang='grc' dir='ltr'><em>ἐπὶ</em></span> <span class='ocrx_word' id='word_1_81' title='bbox 1422 1795 1482 1846; x_wconf 91' lang='grc' dir='ltr'><em>τὸ</em></span> <span class='ocrx_word' id='word_1_82' title='bbox 1537 1794 1637 1846; x_wconf 84' lang='grc' dir='ltr'><em>τοῦ</em></span> <span class='ocrx_word' id='word_1_83' title='bbox 1684 1796 1791 1845; x_wconf 89' lang='grc' dir='ltr'><em>ΑΒ</em></span> 
     </span>
    </p>
   </div>
   <div class='ocr_carea' id='block_1_10' title="bbox 113 1876 1793 1952">
    <p class='ocr_par' dir='ltr' id='par_1_12' title="bbox 37 1876 1793 1952">
     <span class='ocr_line' id='line_1_16' title="bbox 113 1876 1793 1952; baseline 0.001 -19.957"><span class='ocrx_word' id='word_1_84' title='bbox 113 1876 322 1933; x_wconf 86' lang='grc' dir='ltr'><em>κύκλου</em></span> <span class='ocrx_word' id='word_1_85' title='bbox 362 1878 620 1934; x_wconf 81' lang='grc' dir='ltr'><em>ἐπίπεδον</em></span> <span class='ocrx_word' id='word_1_86' title='bbox 660 1878 895 1944; x_wconf 81' lang='grc' dir='ltr'><em>κάθετος</em></span> <span class='ocrx_word' id='word_1_87' title='bbox 933 1879 1024 1934; x_wconf 87' lang='grc' dir='ltr'><em>καὶ</em></span> <span class='ocrx_word' id='word_1_88' title='bbox 1055 1881 1292 1935; x_wconf 79' lang='grc' dir='ltr'><em>πιπτέτω</em></span> <span class='ocrx_word' id='word_1_89' title='bbox 1323 1879 1597 1952; x_wconf 87' lang='grc' dir='ltr'><em>πρότερον</em></span> <span class='ocrx_word' id='word_1_90' title='bbox 1638 1879 1793 1943; x_wconf 87' lang='grc' dir='ltr'><em>ἐντὸς</em></span> 
     </span>
    </p>
   </div>
   <div class='ocr_carea' id='block_1_11' title="bbox 122 1964 1880 3004">
    <p class='ocr_par' dir='ltr' id='par_1_13' title="bbox 742 1964 1880 2827">
     <span class='ocr_line' id='line_1_17' title="bbox 811 1964 1790 2037; baseline 0.001 -17"><span class='ocrx_word' id='word_1_91' title='bbox 811 1968 911 2022; x_wconf 84' lang='grc' dir='ltr'><em>τοῦ</em></span> <span class='ocrx_word' id='word_1_92' title='bbox 936 1972 1043 2021; x_wconf 92' lang='lat' dir='ltr'><em>AB</em></span> <span class='ocrx_word' id='word_1_93' title='bbox 1073 1965 1282 2022; x_wconf 88' lang='grc' dir='ltr'><em>κύκλου</em></span> <span class='ocrx_word' id='word_1_94' title='bbox 1312 1967 1404 2021; x_wconf 87' lang='grc' dir='ltr'><em>καὶ</em></span> <span class='ocrx_word' id='word_1_95' title='bbox 1437 1970 1573 2022; x_wconf 78' lang='grc' dir='ltr'><em>ἔστω</em></span> <span class='ocrx_word' id='word_1_96' title='bbox 1606 1964 1640 2036; x_wconf 80' lang='grc' dir='ltr'>ἡ</span> <span class='ocrx_word' id='word_1_97' title='bbox 1672 1971 1790 2037; x_wconf 87' lang='grc' dir='ltr'><em>ΓΔ,</em></span> 
     </span>
     <span class='ocr_line' id='line_1_18' title="bbox 810 2054 1880 2126; baseline 0 -18"><span class='ocrx_word' id='word_1_98' title='bbox 810 2054 902 2108; x_wconf 86' lang='grc' dir='ltr'><em>καὶ</em></span> <span class='ocrx_word' id='word_1_99' title='bbox 965 2054 1219 2126; x_wconf 81' lang='grc' dir='ltr'><em>εἰλήφθω</em></span> <span class='ocrx_word' id='word_1_100' title='bbox 1282 2057 1344 2110; x_wconf 89' lang='grc' dir='ltr'><em>τὸ</em></span> <span class='ocrx_word' id='word_1_101' title='bbox 1398 2055 1630 2126; x_wconf 83' lang='grc' dir='ltr'><em>κέντρον</em></span> <span class='ocrx_word' id='word_1_102' title='bbox 1691 2058 1791 2109; x_wconf 84' lang='grc' dir='ltr'><em>τοῦ</em></span> <span class='ocrx_word' id='word_1_103' title='bbox 1828 2068 1880 2107; x_wconf 82' lang='lat'><em>15</em></span> 
     </span>
     <span class='ocr_line' id='line_1_19' title="bbox 810 2141 1792 2212; baseline -0.001 -16"><span class='ocrx_word' id='word_1_104' title='bbox 810 2141 1020 2197; x_wconf 84' lang='grc' dir='ltr'><em>κύκλου</em></span> <span class='ocrx_word' id='word_1_105' title='bbox 1057 2145 1118 2198; x_wconf 90' lang='grc' dir='ltr'><em>τὸ</em></span> <span class='ocrx_word' id='word_1_106' title='bbox 1158 2149 1231 2212; x_wconf 89' lang='grc' dir='ltr'><em>Ε,</em></span> <span class='ocrx_word' id='word_1_107' title='bbox 1281 2143 1373 2197; x_wconf 87' lang='grc' dir='ltr'><em>καὶ</em></span> <span class='ocrx_word' id='word_1_108' title='bbox 1414 2143 1792 2211; x_wconf 80' lang='grc' dir='ltr'><em>ἐπιζευχθεῖσα</em></span> 
     </span>
     <span class='ocr_line' id='line_1_20' title="bbox 811 2226 1792 2301; baseline -0.002 -17"><span class='ocrx_word' id='word_1_109' title='bbox 811 2226 845 2300; x_wconf 81' lang='grc' dir='ltr'><em>ἡ</em></span> <span class='ocrx_word' id='word_1_110' title='bbox 883 2236 999 2284; x_wconf 88' lang='grc' dir='ltr'><em>ΛΕ</em></span> <span class='ocrx_word' id='word_1_111' title='bbox 1036 2229 1391 2301; x_wconf 82' lang='grc' dir='ltr'><em>ἐκβεβλήσθω</em></span> <span class='ocrx_word' id='word_1_112' title='bbox 1433 2227 1520 2300; x_wconf 85' lang='grc' dir='ltr'><em>ἐφ’</em></span> <span class='ocrx_word' id='word_1_113' title='bbox 1567 2229 1792 2298; x_wconf 76' lang='grc' dir='ltr'><em>ἑκάτερα</em></span> 
     </span>
     <span class='ocr_line' id='line_1_21' title="bbox 810 2316 1791 2389; baseline -0.001 -17"><span class='ocrx_word' id='word_1_114' title='bbox 810 2319 876 2372; x_wconf 76' lang='grc' dir='ltr'><em>τὰ</em></span> <span class='ocrx_word' id='word_1_115' title='bbox 924 2319 1060 2389; x_wconf 82' lang='grc' dir='ltr'><em>μέρη</em></span> <span class='ocrx_word' id='word_1_116' title='bbox 1109 2318 1196 2372; x_wconf 84' lang='grc' dir='ltr'><em>ἐπὶ</em></span> <span class='ocrx_word' id='word_1_117' title='bbox 1242 2316 1308 2373; x_wconf 80' lang='grc' dir='ltr'><em>τὰ</em></span> <span class='ocrx_word' id='word_1_118' title='bbox 1355 2324 1435 2387; x_wconf 89' lang='grc' dir='ltr'><em>Α,</em></span> <span class='ocrx_word' id='word_1_119' title='bbox 1476 2323 1521 2371; x_wconf 92' lang='grc' dir='ltr'><em>Β</em></span> <span class='ocrx_word' id='word_1_120' title='bbox 1577 2328 1791 2388; x_wconf 80' lang='grc' dir='ltr'><em>σημεῖα,</em></span> 
     </span>
     <span class='ocr_line' id='line_1_22' title="bbox 811 2405 1791 2477; baseline 0.001 -17"><span class='ocrx_word' id='word_1_121' title='bbox 811 2405 903 2460; x_wconf 84' lang='grc' dir='ltr'><em>καὶ</em></span> <span class='ocrx_word' id='word_1_122' title='bbox 952 2405 1370 2477; x_wconf 81' lang='grc' dir='ltr'><em>ἐπεζεύχθωσαν</em></span> <span class='ocrx_word' id='word_1_123' title='bbox 1419 2408 1480 2460; x_wconf 75' lang='grc' dir='ltr'><em>αἱ</em></span> <span class='ocrx_word' id='word_1_124' title='bbox 1515 2410 1638 2476; x_wconf 88' lang='grc' dir='ltr'><em>ΑΓ,</em></span> <span class='ocrx_word' id='word_1_125' title='bbox 1674 2410 1791 2461; x_wconf 91' lang='grc' dir='ltr'><em>ΓΒ.</em></span> 
     </span>
     <span class='ocr_line' id='line_1_23' title="bbox 811 2491 1879 2565; baseline -0.004 -16"><span class='ocrx_word' id='word_1_126' title='bbox 811 2495 980 2564; x_wconf 72' lang='grc' dir='ltr'><em>λέγω,</em></span> <span class='ocrx_word' id='word_1_127' title='bbox 1029 2492 1115 2549; x_wconf 82' lang='grc' dir='ltr'><em>ὅτι</em></span> <span class='ocrx_word' id='word_1_128' title='bbox 1154 2498 1378 2565; x_wconf 79' lang='grc' dir='ltr'><em>μεγίστη</em></span> <span class='ocrx_word' id='word_1_129' title='bbox 1427 2494 1529 2564; x_wconf 77' lang='grc' dir='ltr'><em>μέν</em></span> <span class='ocrx_word' id='word_1_130' title='bbox 1568 2495 1716 2549; x_wconf 86' lang='grc' dir='ltr'><em>ἐστιν</em></span> <span class='ocrx_word' id='word_1_131' title='bbox 1755 2491 1788 2563; x_wconf 80' lang='grc' dir='ltr'>ἡ</span> <span class='ocrx_word' id='word_1_132' title='bbox 1823 2506 1879 2546; x_wconf 84' lang='lat'><em>20</em></span> 
     </span>
     <span class='ocr_line' id='line_1_24' title="bbox 742 2579 1791 2653; baseline -0.002 -17"><span class='ocrx_word' id='word_1_133' title='bbox 742 2595 763 2627; x_wconf 72' lang='grc' dir='ltr'><em>ι’</em></span> <span class='ocrx_word' id='word_1_134' title='bbox 811 2586 930 2651; x_wconf 85' lang='grc' dir='ltr'><em>ΒΓ,</em></span> <span class='ocrx_word' id='word_1_135' title='bbox 982 2583 1233 2653; x_wconf 88' lang='grc' dir='ltr'><em>ἐλαχίστη</em></span> <span class='ocrx_word' id='word_1_136' title='bbox 1278 2581 1339 2637; x_wconf 72' lang='grc' dir='ltr'><em>δὲ</em></span> <span class='ocrx_word' id='word_1_137' title='bbox 1378 2579 1411 2652; x_wconf 75' lang='grc' dir='ltr'><em>η</em></span> <span class='ocrx_word' id='word_1_138' title='bbox 1454 2586 1565 2636; x_wconf 89' lang='grc' dir='ltr'><em>ΑΓ</em></span> <span class='ocrx_word' id='word_1_139' title='bbox 1598 2584 1791 2635; x_wconf 88' lang='grc' dir='ltr'><em>πασῶν</em></span> 
     </span>
     <span class='ocr_line' id='line_1_25' title="bbox 810 2667 1789 2741; baseline -0.003 -17"><span class='ocrx_word' id='word_1_140' title='bbox 810 2673 922 2724; x_wconf 90' lang='grc' dir='ltr'><em>τῶν</em></span> <span class='ocrx_word' id='word_1_141' title='bbox 970 2667 1076 2724; x_wconf 81' lang='grc' dir='ltr'><em>ἀπὸ</em></span> <span class='ocrx_word' id='word_1_142' title='bbox 1122 2673 1222 2725; x_wconf 85' lang='grc' dir='ltr'><em>τοῦ</em></span> <span class='ocrx_word' id='word_1_143' title='bbox 1268 2674 1320 2725; x_wconf 90' lang='grc' dir='ltr'>Γ</span> <span class='ocrx_word' id='word_1_144' title='bbox 1367 2672 1502 2741; x_wconf 82' lang='grc' dir='ltr'><em>πρὸς</em></span> <span class='ocrx_word' id='word_1_145' title='bbox 1547 2672 1644 2724; x_wconf 90' lang='grc' dir='ltr'><em>τὸν</em></span> <span class='ocrx_word' id='word_1_146' title='bbox 1685 2673 1789 2721; x_wconf 89' lang='grc' dir='ltr'><em>ΑΒ</em></span> 
     </span>
     <span class='ocr_line' id='line_1_26' title="bbox 810 2760 1293 2827; baseline 0.006 -17"><span class='ocrx_word' id='word_1_147' title='bbox 810 2760 1293 2827; x_wconf 77' lang='grc' dir='ltr'><em>προσπιπτουσῶν.</em></span> 
     </span>
    </p>

    <p class='ocr_par' dir='ltr' id='par_1_14' title="bbox 122 2842 1878 3004">
     <span class='ocr_line' id='line_1_27' title="bbox 228 2842 1790 2916; baseline -0.001 -18"><span class='ocrx_word' id='word_1_148' title='bbox 228 2843 666 2916; x_wconf 84' lang='grc' dir='ltr'><em>προσβεβλήσθω</em></span> <span class='ocrx_word' id='word_1_149' title='bbox 706 2843 812 2916; x_wconf 81' lang='grc' dir='ltr'><em>γάρ</em></span> <span class='ocrx_word' id='word_1_150' title='bbox 851 2866 934 2909; x_wconf 85' lang='grc' dir='ltr'><em>τις</em></span> <span class='ocrx_word' id='word_1_151' title='bbox 970 2846 1061 2899; x_wconf 80' lang='grc' dir='ltr'><em>καὶ</em></span> <span class='ocrx_word' id='word_1_152' title='bbox 1102 2845 1256 2916; x_wconf 83' lang='grc' dir='ltr'><em>ἑτέρα</em></span> <span class='ocrx_word' id='word_1_153' title='bbox 1294 2842 1328 2915; x_wconf 82' lang='grc' dir='ltr'>ἡ</span> <span class='ocrx_word' id='word_1_154' title='bbox 1369 2849 1494 2913; x_wconf 92' lang='grc' dir='ltr'><em>ΓΖ,</em></span> <span class='ocrx_word' id='word_1_155' title='bbox 1544 2843 1635 2897; x_wconf 85' lang='grc' dir='ltr'><em>καὶ</em></span> <span class='ocrx_word' id='word_1_156' title='bbox 1676 2844 1790 2897; x_wconf 88' lang='grc' dir='ltr'><em>ἐπε-</em></span> 
     </span>
     <span class='ocr_line' id='line_1_28' title="bbox 122 2929 1878 3004; baseline -0.001 -19"><span class='ocrx_word' id='word_1_157' title='bbox 122 2930 329 3001; x_wconf 83' lang='grc' dir='ltr'><em>ζεύχθω</em></span> <span class='ocrx_word' id='word_1_158' title='bbox 384 2929 417 3002; x_wconf 76' lang='grc' dir='ltr'><em>ἡ</em></span> <span class='ocrx_word' id='word_1_159' title='bbox 470 2938 600 2986; x_wconf 90' lang='grc' dir='ltr'><em>ΔΖ·</em></span> <span class='ocrx_word' id='word_1_160' title='bbox 662 2936 859 3003; x_wconf 81' lang='grc' dir='ltr'><em>μείζων</em></span> <span class='ocrx_word' id='word_1_161' title='bbox 915 2930 1021 3004; x_wconf 77' lang='grc' dir='ltr'><em>ἄρα</em></span> <span class='ocrx_word' id='word_1_162' title='bbox 1076 2933 1226 2987; x_wconf 86' lang='grc' dir='ltr'><em>ἐστὶν</em></span> <span class='ocrx_word' id='word_1_163' title='bbox 1280 2929 1313 3002; x_wconf 79' lang='grc' dir='ltr'>ἡ</span> <span class='ocrx_word' id='word_1_164' title='bbox 1368 2937 1479 2986; x_wconf 89' lang='grc' dir='ltr'><em>ΒΔ</em></span> <span class='ocrx_word' id='word_1_165' title='bbox 1531 2934 1627 3002; x_wconf 78' lang='grc' dir='ltr'><em>τῆς</em></span> <span class='ocrx_word' id='word_1_166' title='bbox 1680 2936 1788 2985; x_wconf 89' lang='grc' dir='ltr'><em>ΔΖ</em></span> <span class='ocrx_word' id='word_1_167' title='bbox 1822 2944 1878 2984; x_wconf 76' lang='lat'><em>25</em></span> 
     </span>
    </p>
   </div>
   <div class='ocr_carea' id='block_1_12' title="bbox 115 2012 772 2765">
    <p class='ocr_par' dir='ltr' id='par_1_15' title="bbox 115 2012 772 2765">
     <span class='ocr_line' id='line_1_29' title="bbox 115 2012 772 2765; baseline 0 491"><span class='ocrx_word' id='word_1_168' title='bbox 115 2012 772 2765; x_wconf 95' lang='lat' dir='ltr'><em> </em></span> 
     </span>
    </p>
   </div>
  </div>
 </body>
</html>
