2046 3256
416 147 665 190 EUTOOII
697 145 1132 189 COMMENTARIA
1161 147 1226 188 IN
1258 146 1492 190 CONICA.
1683 144 1791 196 255

106 269 228 337 ΑΓ,
274 268 376 319 ΓΘ
423 265 633 334 cadere3
681 265 815 318 alios
865 267 1043 317 autem
1092 265 1326 333 quinque
1370 265 1473 317 hoc
1512 264 1695 318 modo:
1745 265 1792 317 si

105 360 160 409 A
199 358 350 408 extra
391 356 445 407 Γ
484 353 734 419 sumitur,
773 353 1039 423 parallela
1081 357 1133 405 A
1145 356 1210 420 Z,
1256 356 1318 405 ut
1357 353 1602 422 adparet,
1643 355 1793 405 extra

105 446 212 497 ΘΓ
253 443 428 510 cadet,
476 446 592 494 ΔΕ
637 445 816 495 autem
867 444 961 494 aut
1008 441 1148 494 inter
1186 445 1260 510 A,
1301 445 1348 494 Β
1396 441 1551 494 cadet
1597 445 1692 494 aut
1737 442 1793 493 in

108 536 151 585 Β
192 534 286 584 aut
323 531 466 584 inter
504 533 567 591 B,
608 534 654 583 Θ
694 533 788 583 aut
825 530 879 582 in
920 532 966 582 Θ
1006 532 1100 582 aut
1140 532 1292 582 extra
1323 533 1391 599 Θ,
1437 548 1608 599 neque
1648 529 1792 582 enim

104 620 220 673 fieri
266 622 471 689 potest,
517 622 578 671 ut
627 621 778 672 extra
824 618 878 671 A
925 618 1105 687 cadat,
1153 618 1408 686 quoniam
1455 621 1510 668 Δ
1556 621 1708 670 extra
1748 618 1800 669 Γ

17 736 28 782 5
104 708 344 778 positum
384 709 466 760 est
505 711 580 775 et,
619 710 680 759 ut
720 707 962 776 adparet,
1000 707 1162 759 etiam
1202 710 1348 759 recta
1387 724 1483 775 per
1521 706 1575 758 id
1614 708 1791 758 rectae

19 822 23 823 ⁷
105 798 222 849 ΑΓ
243 795 501 866 parallela
535 795 706 849 ducta.
771 796 852 848 sin
879 799 933 847 A
960 793 1277 848 ad'alteram
1301 798 1512 864 partem
1538 794 1791 848 sectionis

107 885 350 954 sumitur,
382 888 476 937 aut
507 887 735 954 utraque
767 883 1029 952 parallela
1060 883 1203 936 inter
1225 887 1287 951 Θ,
1320 887 1366 935 Β
1398 882 1792 950 terminabitur,

106 977 199 1026 aut
238 975 347 1024 AZ
392 972 539 1025 intra
579 976 647 1042 Θ,
685 974 735 1025 Ε
783 975 961 1024 autem
1007 972 1065 1023 in
1104 975 1172 1040 Θ,
1220 974 1314 1024 aut
1352 974 1463 1023 AZ
1511 971 1566 1022 in
1607 970 1792 1022 eadem

0 1088 24 1138 χχ·
106 1061 372 1131 positione
427 1064 678 1113 manente
724 1064 777 1112 E
830 1063 980 1112 extra
1027 1063 1073 1111 Θ
1126 1058 1302 1127 cadet3
1355 1076 1539 1110 rursus
1589 1060 1792 1126 puncto

7 1140 25 1218 3³³
107 1153 160 1201 Ε
204 1152 358 1203 extra
405 1152 452 1201 Θ
500 1149 719 1202 cadente
769 1152 814 1200 Z
863 1151 957 1200 aut
1002 1148 1059 1199 in
1099 1150 1146 1199 Θ
1192 1146 1366 1215 cadet,
1412 1147 1490 1198 ita
1535 1149 1596 1199 ut
1634 1147 1793 1198 ΓΘΛ

106 1256 213 1290 una
269 1238 341 1290 sit
394 1240 564 1306 recta,
626 1254 955 1305 quamquam
1011 1235 1090 1288 ita
1142 1234 1446 1304 proprietas
1501 1234 1792 1303 parallelae

106 1344 214 1379 non
266 1343 488 1394 prorsus
546 1327 812 1393 seruatur,
868 1327 961 1377 aut
1008 1327 1160 1377 extra
1207 1326 1266 1376 Θ.
1352 1325 1565 1391 oportet
1612 1323 1791 1374 autem

5 1429 27 1474 ε’·
104 1414 159 1465 111
198 1414 432 1483 quinque
472 1412 677 1466 ultimis
719 1413 932 1466 casibus
975 1410 1404 1464 demonstrandis
1444 1412 1647 1462 rectam
1680 1412 1736 1460 A
1747 1411 1792 1459 Z

105 1519 272 1571 usque
321 1502 388 1554 ad
435 1501 726 1554 sectionem
774 1501 1199 1570 parallelamque
1238 1501 1358 1551 ΗΓ
1396 1498 1688 1567 producere
1738 1498 1792 1549 et

106 1589 186 1642 ita
224 1590 438 1643 demum
478 1589 997 1642 demonstrationem
1036 1587 1306 1656 perficere.

216 1677 334 1730 fieri
375 1679 554 1730 autem
593 1679 799 1745 potest,
838 1679 899 1728 ut
938 1693 1001 1728 ex
1039 1675 1125 1727 his
1166 1674 1272 1727 alia
1313 1673 1578 1743 quaedam
1616 1673 1793 1742 figura

15 1800 28 1840 .'
107 1764 364 1834 fingatur,
418 1765 511 1817 ubi
566 1765 770 1818 scilicet
825 1766 1041 1832 sumpto
1095 1763 1200 1817 alio
1247 1765 1449 1832 puncto
1497 1764 1674 1815 rectae
1723 1762 1792 1814 ab

23 1855 37 1934 3
107 1852 262 1906 initio
313 1855 558 1922 sumptae
606 1849 919 1923 efficia-ntl),
967 1851 1109 1921 quod
1157 1851 1485 1920 quaerimus3
1531 1850 1622 1903 sed
1661 1850 1792 1902 haec

24 1934 35 1984 s'
59 1974 63 1977 <
108 1941 405 2008 propositio
447 1943 529 1992 est
568 1940 746 2009 potius
789 1957 949 2009 quam
989 1957 1160 1992 casus,

687 2130 779 2181 Ad
818 2114 991 2198 prop,
1029 2128 1225 2181 XLIII.

221 2232 288 2285 In
335 2233 607 2286 nonnullis
657 2232 930 2285 codicibus
979 2231 1366 2284 demonstratio
1405 2230 1562 2282 huius
1601 2247 1791 2298 propo-

39 2346 51 2354 „
112 2321 321 2374 sitionis
361 2321 492 2373 haec
530 2320 723 2373 fertur:

232 2510 274 2565 1)
314 2510 442 2554 Haec
480 2522 574 2553 non
615 2508 728 2552 satis
763 2507 1002 2563 intellego.
1066 2506 1260 2552 fortasse
1294 2520 1377 2553 scr.
1410 2506 1489 2551 lin.
1525 2511 1578 2550 21
1614 2503 1671 2562 δὴ
1707 2503 1791 2562 μή,

110 2567 180 2613 ita.
203 2570 256 2612 ut
279 2567 564 2624 significetur
586 2566 844 2624 propositio
870 2571 904 2609 A
918 2568 1010 2611 ΘΓ
1023 2587 1078 2602 =
1095 2569 1187 2609 ΒΓ
1196 2584 1207 2622 ;
1234 2566 1314 2612 cfr.
1331 2565 1454 2609 infra
1475 2579 1520 2622 p.
1540 2568 1640 2620 258,
1658 2568 1711 2608 19
1723 2578 1789 2620 sq.

111 2798 370 2856 ἅπώὸειξιν
401 2801 475 2848 W.
585 2807 654 2847 22.
687 2801 881 2846 ποιῶσιν
912 2801 987 2845 W.
1089 2802 1240 2858 τοῦτο]
1275 2801 1412 2846 τοῦτο
1444 2797 1496 2844 τό
1527 2799 1590 2844 W
1631 2834 1642 2855 ,
1675 2812 1788 2844 corr.

111 2859 293 2916 Halley.
414 2866 484 2907 23
516 2859 711 2931 μᾶλλόν]
746 2859 922 2931 scripsi,
958 2858 1070 2904 ἔστω
1070 2859 1193 2931 Wp
1225 2858 1521 2917 (permutatis
1545 2861 1594 2901 λλ
1642 2858 1690 2902 et
1722 2858 1790 2915 ῳ),

111 2932 199 2963 om.
233 2919 409 2964 Comm.
529 2917 579 2978 ἥ]
613 2919 788 2976 scripsi,
821 2916 849 2974 ἡ
881 2919 997 2977 Wp,
1030 2916 1085 2964 οὗ
1119 2919 1293 2965 Comm.
1417 2922 1486 2963 25.
1519 2931 1638 2961 τισιν
1669 2915 1744 2962 W.
