2046 3256
756 170 1133 213 FRAGMENTA.
1679 168 1785 220 125

36 296 38 298 ’
109 289 396 342 δεκαπλῶν
428 289 551 360 ,δ’ὦ,
591 288 910 357 συμφώνως
939 297 1055 351 τοῖς
1093 283 1202 341 ὑπὸ
1238 283 1611 341 Ἀπολλωνίου
1649 285 1786 341 κατὰ

105 395 208 445 την
247 374 497 445 μέθοδον
537 376 598 430 ἐν
637 372 776 446 ἀρχῇ
818 376 919 429 τοῦ
959 377 1181 443 βιβλίου
1220 373 1741 446 προγεγραμμένοις.

217 493 302 546 38.
359 492 575 563 Pappus
614 493 682 562 II,
721 494 754 546 3
793 513 844 562 p.
876 493 926 561 4,
967 494 1097 562 9sq.
1137 491 1254 564 (cfr.
1284 494 1477 563 fragm.
1502 491 1624 564 47):

213 591 359 648 Ἀλλ’
406 591 435 648 ὁ
476 592 764 658 διπλάσιος
802 596 902 649 τοῦ
941 591 1196 664 πλήθους
1233 597 1347 649 τῶν
1389 592 1478 665 ἐφ’
1515 586 1597 649 ὧν
1634 594 1701 648 τὰ
1742 598 1788 646 Β

110 681 186 752 μὴ
227 685 536 752 μετρείσθω
576 679 686 737 ὑπὸ
725 681 1007 752 τετράδος·
1056 683 1427 753 μετρούμενος
1466 683 1574 753 ἄρα
1613 686 1790 748 λείψει

108 767 290 824 δυάδα
331 770 384 835 ἐξ
424 767 690 840 ἀνάγκης·
730 778 925 825 τοῦτο
964 770 1089 842 γὰρ
1129 771 1608 841 προδέδεικται.

218 889 303 942 39.
356 887 574 958 Pappus
613 888 684 958 II,
726 890 753 941 1
796 908 844 958 p.
879 890 927 958 2,
970 891 1118 959 lsq.:

215 988 246 1022 ’³‘
292 987 399 1060 γὰρ
455 987 662 1054 αὐτοὺς
708 989 1014 1055 ἐλάσσονας
1065 990 1165 1061 μὲν
1213 987 1358 1045 εἶναι
1406 990 1789 1060 ἑκατοντάδος,

108 1084 432 1146 μετρεῖσθαι
487 1076 548 1131 δὲ
602 1075 712 1133 ὑπὸ
764 1077 1023 1148 δεκάδος,
1078 1078 1170 1133 καὶ
1226 1079 1355 1133 δέον
1403 1082 1540 1133 ἔστω
1587 1082 1685 1134 τὸν
1738 1079 1791 1145 ἐξ

112 1162 297 1220 αὐτῶν
336 1166 565 1236 στερεὸν
605 1169 779 1220 εἰπεῖν
819 1166 892 1237 μὴ
932 1165 1495 1221 πολλαπλασιάσαντα
1535 1165 1753 1232 αὐτούς.

220 1285 307 1338 40.
362 1284 580 1353 Pappus
620 1285 691 1353 ΙΙ,
730 1287 764 1338 2
804 1304 853 1353 Ρ.
888 1287 937 1353 2,
981 1287 1049 1338 14
1068 1304 1171 1354 sq.:

201 1382 494 1439 ’Ἑστωσαν
535 1384 604 1455 δὴ
643 1385 813 1440 πάλιν
853 1383 1265 1455 ὁσοιδηποτοῦν
1312 1384 1546 1458 άριθμοὶ
1586 1385 1674 1457 ἐφ’
1713 1380 1792 1442 ὧν

21 1474 23 1479 ’
109 1470 175 1527 τὰ
215 1479 287 1542 Β,
335 1466 415 1527 ὧν
455 1473 680 1538 ἕκαστος
720 1474 970 1528 ἐλάσσων
1018 1473 1120 1543 μὲν
1159 1473 1434 1544 χιλιάδος,
1484 1479 1791 1545 μετρείσθω

111 1559 171 1615 δὲ
216 1558 325 1615 ὑπὸ
377 1560 767 1632 ἑκατοντάδος,
822 1562 915 1615 καὶ
969 1563 1100 1617 δέον
1157 1566 1295 1617 ἔστω
1349 1561 1450 1617 τὸν
1505 1565 1559 1629 ἐξ
1606 1560 1792 1618 αὐτῶν

21 1648 23 1653 ’
110 1649 337 1721 στερεὸν
384 1652 559 1704 εἰπεῖν
605 1651 679 1720 μὴ
721 1649 1281 1705 πολλαπλασιάσαντα
1327 1649 1458 1714 τοὺς
1497 1649 1792 1720 ἀριθμούς.

219 1739 266 1791 Ε
300 1738 486 1808 Pappo
525 1758 576 1808 p.
607 1741 658 1808 4,
691 1741 723 1791 3
743 1758 820 1808 sq.
861 1741 927 1792 ad
967 1740 1483 1793 demonstrationem
1515 1740 1793 1809 Apollonii

110 1827 242 1881 haec
280 1828 574 1896 pertinent:
626 1828 909 1881 δείκνυται
950 1819 1054 1880 οὗν
1096 1826 1190 1879 διὰ
1229 1829 1342 1881 τῶν
1379 1828 1650 1897 γραμμῶν
1691 1869 1732 1880 ..

111 1909 140 1968 ὁ
181 1911 273 1968 διὰ
312 1915 425 1968 τῶν
466 1912 553 1983 ἐφ’
591 1906 672 1968 οἷν
711 1915 777 1969 τὰ
816 1919 861 1967 Β
909 1912 1126 1985 στερεὸς
1167 1920 1287 1978 ἴσος
1422 1916 1498 1987 ‘⁶93
1546 1912 1640 1967 διὰ
1680 1915 1792 1968 τῶν

113 2000 497 2056 ἑκατοντάδων
545 2005 746 2076 στερεῷ
795 2002 882 2056 ἐπὶ
928 2001 1028 2057 τὸν
1076 2003 1134 2056 ἐκ
1183 2009 1296 2056 τῶν
1335 2002 1642 2072 πυθμένων
1683 2017 1794 2055 στε-

115 2087 259 2159 ρεόν.
331 2091 452 2144 Hoc
492 2091 538 2144 si
576 2092 905 2160 duplicatam
938 2092 1340 2144 multitudinem
1371 2110 1714 2144 numerorum
1747 2095 1794 2143 Β

113 2180 333 2232 metitur
371 2197 623 2231 numerus
663 2180 713 2247 4,
753 2180 837 2231 sin
876 2179 1053 2231 minus
1091 2177 1208 2250 (cfr.
1242 2178 1436 2249 fragm.
1470 2177 1586 2250 38),
1628 2174 1655 2231 ὃ
1699 2176 1791 2231 διὰ

114 2267 225 2319 τῶν
273 2263 361 2335 ἐφ’
407 2258 486 2320 ὧν
525 2263 591 2320 τὰ
633 2271 680 2319 Β
728 2264 996 2336 μυριάδες
1042 2265 1186 2320 εἰσὶν
1225 2265 1258 2337 ξ)
1307 2262 1595 2335 ὁμώνυμοι
1633 2268 1708 2338 τῷ
1751 2271 1795 2318 Ζ

117 2468 378 2523 exemplum
394 2468 575 2512 numeri
595 2468 798 2525 ingentis
822 2470 1098 2524 productum
1123 2469 1386 2513 litterarum
1415 2469 1512 2513 eius
1536 2483 1619 2525 pro
1637 2483 1795 2513 nume-

116 2525 290 2570 ralibus
340 2527 626 2582 sumptarum
671 2526 916 2571 indicasse.
987 2527 1153 2571 deinde
1192 2528 1488 2580 methodum,
1536 2541 1628 2584 qua
1672 2528 1796 2571 tanti

115 2584 293 2627 numeri
326 2584 585 2640 computari
615 2585 810 2641 possint,
844 2585 1071 2642 exposuit.
1127 2586 1177 2629 in
1207 2600 1300 2642 qua
1324 2586 1583 2630 enarranda
1607 2587 1794 2641 Pappus

117 2641 494 2697 propositiones
480 2656 606 2709 ipsas
624 2643 855 2700 excerpsit
872 2646 919 2688 et
937 2658 1020 2700 per
1038 2657 1252 2688 numeros
1272 2644 1581 2698 confirmauit3
1609 2643 1796 2687 demon-

119 2699 364 2744 strationes
403 2701 547 2757 ipsius
577 2701 840 2758 Apollonii,
880 2716 998 2758 quae
1036 2703 1085 2746 in
1124 2702 1260 2747 lineis
1299 2703 1452 2747 factae
1485 2703 1637 2754 erant,
1677 2701 1721 2745 h.
1756 2715 1793 2746 e.

118 2758 464 2813 uniuersaliter,
511 2759 630 2803 sicut
670 2759 720 2803 in
751 2761 895 2804 Elem.
923 2761 1063 2804 VII—
1069 2761 1153 2817 IX,
1194 2761 1364 2806 omisit.
1436 2759 1545 2803 hinc
1583 2733 1792 2815 adparet,

119 2816 230 2870 quid
261 2816 308 2860 in
343 2830 478 2872 opere
509 2816 748 2874 Apollonii
788 2833 812 2862 e
844 2796 1188 2863 commentariis
1219 2818 1369 2875 Pappi
1406 2818 1692 2884 restituendo
1726 2831 1794 2862 se-

121 2877 251 2918 cutus
299 2875 398 2918 sim.
477 2876 557 2920 cfr.
600 2877 815 2932 Tannery
852 2877 1098 2922 Memoires
1139 2878 1195 2921 de
1242 2878 1289 2920 la
1328 2890 1418 2920 soc.
1460 2876 1540 2920 des
1589 2875 1792 2921 sciences

118 2932 370 2988 physiques
403 2934 450 2977 et
480 2935 630 2978 natui.
664 2935 720 2978 de
752 2935 1004 2990 Bordeaux,
1038 2941 1087 2979 2³
1115 2937 1199 2981 ser.
1233 2936 1296 2978 ΙΙΙ
1328 2949 1373 2990 p.
1399 2938 1483 2978 352
1502 2948 1567 2989 sq.
