2046 3256
247 161 353 215 102
901 158 1294 207 FRAGMENTA.

243 277 641 351 ἀμβλυγωνίου
679 276 1035 351 ὑπερβάλλον
1073 278 1422 356 τετραγώνῳ,
1463 279 1524 335 ἐν
1565 277 1628 335 δὲ
1665 281 1729 352 τῇ
1772 278 1939 351 ὀρθο·

240 373 454 440 γωνιόυ
518 367 646 424 οὔτε
702 370 954 424 ἐλλεῖπον
1010 365 1142 423 οὔθ’
1202 365 1573 440 ὑπερβάλλον.
1663 369 1828 423 τοῦτο
1884 365 1938 423 δ’

242 461 455 530 ἔπαθεν
506 456 579 529 μὴ
627 456 1011 530 προσνοήσας,
1060 454 1145 512 ὅτι
1191 455 1328 512 κατά
1375 477 1504 511 τινα
1549 461 1683 528 μίαν
1728 458 1943 512 πτῶσιν

241 549 342 601 τοῦ
383 547 685 618 τέμνοντος
724 545 988 602 ἐπιπέδου
1026 543 1126 601 τὸν
1159 547 1347 601 κῶνον
1378 544 1470 600 καὶ
1501 548 1815 616 γεννῶντος
1845 547 1945 611 τὰς

187 648 213 687 5
244 645 392 706 τρεῖς
438 633 692 707 γραμμὰς
739 637 800 691 ἐν
849 633 1057 709 ἑκάστῳ
1097 637 1210 691 τῶν
1250 634 1450 690 κώνων
1490 632 1628 706 ἄλλη
1668 634 1760 690 καὶ
1799 634 1941 706 ἄλλη

239 726 354 779 τῶν
387 727 659 796 γραμμῶν
690 728 918 796 γίνεται,
958 720 1028 795 ἣν
1063 723 1366 795 ὠνόμασαν
1396 723 1507 779 ἀπὸ
1538 726 1635 794 τῆς
1667 722 1945 794 ἰδιότητος

239 814 342 867 τοῦ
379 811 583 869 κώνου.
646 812 743 869 ἐὰν
781 810 889 886 γὰρ
921 812 984 868 τὸ
1015 812 1222 884 τέμνον
1255 813 1519 867 ἐπίπεδον
1551 811 1702 885 ἀχθῇ
1734 811 1944 884 παράλ-

239 906 415 971 ληλον
464 904 564 976 μιᾷ
601 905 705 957 τοῦ
742 902 931 958 κώνου
970 904 1207 977 πλευρᾷ,
1254 905 1466 972 γίνεται
1506 904 1604 972 μία
1643 899 1788 973 μόνη
1827 908 1943 956 τῶν

240 992 414 1061 τριῶν
452 993 724 1062 γραμμῶν
760 991 846 1047 ἀεὶ
878 988 912 1062 ἡ
948 988 1102 1062 αὐτή,
1143 989 1217 1062 η“ν
1250 989 1544 1063 ὠνόμασεν
1577 986 1607 1046 ὃ
1635 987 1945 1062 Ἀρισταῖος

160 1095 213 1134 10
248 1080 466 1135 ἐκείνου
505 1082 608 1135 τοῦ
645 1080 956 1151 τμηθέντος
993 1079 1182 1135 κώνου
1220 1078 1416 1151 τομήν.

156 1538 208 1579 15

153 1983 210 2024 20

154 2426 210 2465 25

345 1166 403 1222 Ὁ
443 1166 493 1223 δ’
539 1160 645 1224 οὖν
678 1167 1074 1236 Ἀπολλώνιος,
1115 1164 1206 1223 οἷα
1244 1168 1484 1241 περιέχει
1521 1165 1588 1223 τὰ
1627 1164 1723 1222 ὑπ’
1767 1164 1944 1223 αὐτοῦ

240 1258 525 1330 γραφέντα
576 1261 833 1314 κωνικῶν
880 1262 918 1331 ἦ
961 1261 1174 1330 βιβλία,
1222 1257 1370 1328 λέγει
1423 1255 1780 1328 κεφαλαιώδη
1819 1256 1946 1322 θεὶς

240 1345 600 1417 προδήλωσιν
664 1349 725 1402 ε’ν
787 1349 862 1422 τῷ
924 1351 1200 1423 προοιμίῳ
1262 1348 1365 1402 τοῦ
1426 1345 1652 1419 πρώτου
1707 1343 1941 1416 ταύτην·

233 1430 512 1507 “περιέχει
561 1435 623 1491 δὲ
668 1439 730 1491 τὸ
779 1435 883 1506 μὲν
928 1439 1152 1509 πρῶτον
1194 1434 1295 1501 τὰς
1334 1435 1579 1506 γενέσεις
1615 1437 1730 1491 τῶν
1769 1437 1968 1507 τριῶν·

241 1525 428 1595 τομῶν
467 1524 560 1579 καὶ
599 1526 714 1580 τῶν
751 1522 1151 1596 ἀντικειμένων
1190 1524 1284 1579 καὶ
1322 1522 1389 1578 τὰ
1423 1525 1485 1579 ἐν
1516 1521 1710 1588 αὐταῖς
1740 1521 1942 1595 ἀρχικά

243 1611 619 1683 συμπτώματα
645 1613 734 1669 ἐπὶ
757 1620 952 1669 πλεῖον
975 1614 1068 1669 καὶ
1091 1613 1347 1669 καθόλου
1371 1614 1586 1684 μᾶλλον
1603 1612 1943 1684 ἐξητασμένα

241 1699 389 1773 παρὰ
427 1699 495 1755 τὰ
533 1698 642 1757 ὑπὸ
682 1711 797 1759 τῶν
836 1701 1023 1759 ἄλλων
1054 1703 1424 1775 γεγραμμένα.
1483 1699 1548 1758 τὸ
1581 1701 1644 1758 δὲ
1676 1700 1941 1773 δεύτερον

240 1789 306 1844 τὰ
356 1790 481 1862 περὶ
528 1790 624 1856 τὰς
674 1792 1003 1864 διαμέτρους
1049 1792 1143 1846 καὶ
1188 1789 1320 1856 τοὺς
1358 1789 1565 1857 ἄξονας
1601 1791 1715 1845 τῶν
1752 1791 1941 1862 τομῶν

240 1878 333 1933 καὶ
401 1881 514 1933 τῶν
572 1878 972 1951 ἀντικειμένων
1033 1883 1418 1951 συμβαίνοντα
1471 1878 1562 1934 καὶ
1615 1876 1713 1944 τὰς
1767 1875 1941 1949 ἀσυμ-

241 1965 490 2032 πτώτους
521 1967 613 2022 καὶ
646 1968 789 2023 ἄλλα
820 1952 1050 2039 γενικὴν
1080 1968 1173 2023 καὶ
1204 1966 1518 2037 ἀναγκαίαν
1551 1970 1743 2038 χρείαν
1775 1986 1941 2036 παρε-

241 2055 451 2127 χόμενα
491 2056 631 2128 πρὸς
668 2055 801 2122 τοὺς
840 2056 1188 2130 διορισμούς·
1235 2060 1394 2120 τίνας
1433 2054 1496 2110 δὲ
1535 2054 1867 2127 διαμέτρους
1904 2051 1940 2127 ἢ

240 2148 395 2211 τίνας
443 2146 647 2212 ἄξονας
693 2148 872 2216 καλῶ,
922 2144 1162 2216 εἰδήσεις
1209 2148 1269 2201 ἐκ
1318 2143 1522 2200 τούτου
1559 2143 1660 2199 τοῖ
1700 2147 1941 2214 βιβλίου.

240 2233 302 2288 τὸ
346 2233 408 2288 δὲ
446 2237 637 2307 τρίτον
677 2231 855 2289 πολλὰ
893 2233 986 2288 καὶ
1026 2243 1265 2288 παντοῖα
1304 2231 1546 2304 χρήσιμα
1583 2230 1723 2304 πρός
1753 2252 1811 2287 τε
1841 2233 1941 2297 τὰς

242 2322 539 2387 συνθέσεις
560 2332 673 2378 τῶν
699 2332 937 2394 στερεῶν
968 2323 1155 2377 τόπων
1187 2320 1279 2376 καὶ
1310 2318 1442 2385 τοὺς
1474 2319 1819 2392 διορισμούς,
1853 2312 1935 2375 ῶν

241 2409 307 2465 τὰ
340 2413 573 2465 πλείονα
610 2411 701 2465 καὶ
732 2412 874 2466 καλὰ
913 2410 1006 2465 καὶ
1047 2410 1174 2476 ξένα
1214 2409 1657 2479 κατανοήσαντες
1694 2405 1936 2480 εὕρομεν

243 2500 315 2570 μὴ
357 2498 764 2569 συντιθέμενον
803 2496 912 2553 ὑπὸ
953 2496 1268 2554 Εὐκλείδου
1314 2499 1413 2552 τὸν
1453 2496 1540 2551 ἐπὶ
1578 2505 1725 2568 τρεῖς
1759 2494 1855 2551 καὶ
1904 2485 1939 2551 δ

244 2585 500 2660 γραμμὰς
538 2585 731 2657 τόπον,
773 2584 914 2642 ἀλλὰ
954 2586 1158 2658 μόριόν
1197 2607 1250 2640 τι
1289 2583 1466 2640 αὐτοῦ
1505 2585 1598 2639 καὶ
1629 2587 1795 2641 τοῦτο
1836 2582 1939 2640 οὐκ

244 2674 506 2747 εὐτυχῶς·
567 2673 635 2730 οὐ
692 2673 798 2747 γὰρ
857 2674 1101 2731 δυνατὸν
1155 2675 1307 2734 ἄνευ,
1348 2676 1461 2729 τῶν
1518 2674 1937 2746 προειρημένων

365 2843 406 2883 2.
454 2839 592 2882 τοῦτο
636 2834 683 2881 δ’
729 2833 917 2880 ἔπαθεν
959 2862 1013 2868 --
1057 2842 1125 2882 10.
1170 2832 1341 2894 τομήν]
1390 2833 1723 2892 interpolatori
1769 2833 1937 2879 tribuit

243 2897 459 2968 Hultsclrl.
596 2901 636 2964 3..
669 2891 1019 2968 προσεννοῄσας
1049 2894 1264 2939 ΗΠΙὴεοὴ.
1396 2894 1527 2953 μίαν]
1562 2892 1690 2938 ἰδίαν
1721 2892 1933 2939 Hultsch.

304 2961 346 3000 4.
379 2956 481 3014 τας]
518 2955 694 3000 addldl.
819 2959 858 2998 6.
894 2969 1139 3011 ωνομασεν
1172 2953 1385 2999 ΗΠῙῒιεοὶι.
