2046 3256
442 150 691 193 EUTocn
724 149 1158 192 coMMENTARIA
1187 149 1253 191 IN
1285 148 1521 191 coch.
1712 144 1815 197 181

145 273 327 326 datam
376 273 579 324 rectam
624 273 886 339 punctum
931 268 1256 336 inueniatur,
1312 287 1342 320 a
1383 285 1487 336 quo
1527 267 1707 318 rectae
1754 265 1821 317 ad

26 386 31 413 z
135 361 396 414 terminos
444 360 603 413 datae
649 362 828 411 rectae
877 357 1066 410 ductae
1117 357 1259 408 inter
1306 373 1361 407 se
1409 355 1658 423 aequales
1699 354 1821 422 sint,

31 446 33 452 ¹
136 450 222 502 hic
277 466 488 518 quoque
547 466 658 500 non
719 465 886 499 unum
941 446 1113 498 solum
1167 446 1427 512 punctum
1482 443 1820 512 propositum

137 537 316 606 efficit,
356 537 448 590 sed
488 537 661 605 locuS,
703 553 862 604 quern
902 535 1113 588 obtinet
1150 537 1298 586 recta
1337 552 1368 585 a
1409 535 1606 600 puncto
1647 531 1820 584 medio

136 624 593 695 perpendicularis
627 624 806 691 ducta3
837 641 965 676 nam
998 622 1043 675 si
1068 622 1195 674 data
1226 624 1373 674 recta
1398 622 1455 673 in
1480 621 1611 672 duas
1640 622 1820 688 partes

139 715 388 784 aequales
414 716 560 766 secta
585 732 616 766 a
639 715 840 781 puncto
866 711 1040 764 medio
1072 709 1564 780 perpendicularem
1596 707 1822 775 duxeriS,

139 803 493 873 quodcunque
554 802 612 854 in
667 819 730 854 ea
785 800 1075 869 sumpseris
1130 801 1418 868 punctum,
1479 797 1821 866 propositum

139 892 347 945 efficiet.

251 981 422 1033 simile
471 979 723 1049 quiddam
773 978 830 1030 in
876 977 1021 1030 Loco
1061 977 1300 1030 resoluto
1351 979 1405 1028 et
1443 976 1560 1043 ipse
1601 973 1824 1042 Apollo-

137 1069 259 1122 nius
301 1067 502 1133 scribit,
540 1071 602 1120 ut
640 1067 785 1119 infra
826 1066 1091 1118 dedimus:

251 1156 392 1209 datis
433 1156 642 1209 duobus
682 1155 739 1206 in
779 1154 944 1222 plano
984 1153 1198 1222 punctis
1232 1154 1285 1204 et
1315 1144 1666 1220 proportione
1700 1150 1825 1202 dua-

138 1264 258 1299 rum
303 1247 574 1298 rectarum
620 1243 987 1311 inaequalium
1033 1241 1150 1293 fieri
1196 1243 1404 1309 potest,
1458 1242 1519 1291 ut
1565 1239 1623 1291 in
1660 1239 1823 1307 plano

143 1334 372 1387 circulus
414 1333 769 1399 describatur,
816 1331 895 1383 ita
933 1334 994 1383 ut
1032 1333 1210 1383 rectae
1251 1347 1282 1380 a
1322 1328 1461 1380 datis
1501 1328 1717 1396 punctis
1758 1327 1825 1379 ad

143 1423 406 1475 ambitum
453 1421 640 1474 circuli
690 1420 891 1472 fractae
939 1418 1205 1471 rationem
1253 1417 1492 1469 habeant
1539 1416 1697 1468 datae
1739 1433 1825 1467 ae-

142 1511 367 1580 qualem.

254 1600 362 1651 sint
391 1602 460 1668 A,
483 1602 529 1651 Β
570 1600 773 1666 puncta
806 1597 947 1665 data,
988 1597 1113 1649 data
1147 1598 1326 1648 autem
1356 1593 1636 1663 proportio
1663 1593 1736 1644 F:
1757 1595 1827 1656 A,

143 1689 222 1741 ita
252 1690 313 1740 ut
338 1689 391 1740 Γ
424 1687 597 1740 maior
631 1686 717 1739 sit.
779 1688 993 1754 oportet
1031 1684 1201 1754 igitur
1232 1683 1570 1752 propositum
1603 1680 1826 1734 efficere.

153 2655 376 2707 ducatur
400 2658 507 2707 AB
540 2656 594 2707 et
626 2653 692 2706 ad
723 2656 906 2722 partes
937 2657 983 2705 B
1022 2671 1209 2705 uersus
1240 2652 1581 2720 producatur,
1612 2650 1830 2718 fiatque,

155 2745 215 2794 ut
248 2747 301 2795 A
326 2752 338 2794 ’τ
363 2745 423 2810 Γ,
460 2743 538 2794 ita
569 2744 622 2794 Γ
654 2741 721 2794 ad
761 2742 922 2794 aliam
963 2741 1214 2811 aliquam,
1255 2759 1390 2809 quae
1423 2739 1628 2791 scilicet
1659 2736 1831 2789 maior
1896 2734 1901 2736 ’

155 2833 236 2882 est
275 2849 435 2900 quam
474 2834 543 2900 A,
584 2831 756 2898 sitque
798 2848 859 2881 ea
900 2833 950 2881 E
974 2832 1038 2895 -Ι-
1069 2835 1144 2899 A3
1184 2833 1239 2882 et
1277 2846 1462 2880 rursus
1502 2827 1599 2878 fiat

566 2918 1418 2970 E:AB=A:BZ=F:H.
