2046 3256
0 0 86 148 h?

33 162 63 196 ,Η

36 196 55 214 7

32 209 38 216 .

34 218 46 230 ⁴.

32 230 55 264 §2

750 208 751 211 ,
769 163 1146 208 FRAGMENTA.
1698 160 1802 213 107

21 280 53 358 J*
121 279 337 338 εὐθεῖαι
385 283 446 336 αἱ
481 287 589 335 AB
603 322 618 351 ,
651 284 780 351 ΗΓ,
823 286 954 346 ΖΑ,
987 284 1097 334 ΒΓ
1137 281 1329 351 ἐφεξῆς
1375 277 1657 349 ἀνάλογόν
1698 282 1804 334 εἰσι

32 376 43 396 ”
125 370 236 438 [καὶ
279 367 372 424 διὰ
409 371 575 424 τοῦτο
617 372 785 439 ἔσται,
827 365 900 432 ὡς
938 365 971 438 ἡ
1013 374 1120 422 ΑΒ
1159 366 1297 440 πρὸς
1333 366 1436 438 τὴν
1468 372 1587 437 ΒΓ,
1630 364 1806 431 οὕτως

13 1635 21 1651 ω,
8 1614 22 1630 2-
4 1439 35 1609 &degsffiffg
7 1366 27 1435 ,εΗ-ι,

123 454 152 512 ὃ
192 454 298 512 ἀπὸ
339 459 435 528 τῆς
474 462 581 511 ΑΒ
621 455 792 526 κύβος
830 454 968 526 πρὸς
1006 453 1106 510 τὸν
1146 453 1253 511 ἀπὸ
1292 458 1389 526 τῆς
1423 459 1549 510 ΗΓ.
1611 458 1661 510 εἰ
1700 447 1803 510 οὐν

30 544 31 548 ’
122 547 428 600 διπλασίων
467 542 765 613 ὑποτεθείη
806 541 839 614 ἡ
874 549 981 598 ΑΒ
1021 546 1118 614 τῆς
1149 548 1268 612 ΒΓ,
1310 548 1460 599 ἔσται
1499 543 1589 598 καὶ
1631 540 1660 598 ὁ
1693 540 1799 598 ἀπὸ

118 634 214 702 τῆς
250 637 359 687 ΑΒ
398 630 570 702 κύβος
609 635 916 686 διπλασίων
954 633 1054 686 τοῦ
1094 628 1201 686 ἀπὸ
1242 634 1338 701 τῆς
1375 634 1534 701 ΗΓ].
1865 641 1891 681 5

539 795 743 865 Opera
783 796 1111 864 analytica
1151 797 1379 847 cetera,

233 900 317 952 10.
358 898 574 968 Pappus
614 897 745 968 VII,
789 899 817 950 1
859 917 908 966 p.
949 898 1078 966 634,
1118 899 1150 950 8
1193 916 1291 967 sq.:

227 993 537 1064 Γέγραπται
578 991 639 1047 δὲ
679 992 773 1064 (se.
812 990 845 1062 ἡ
886 989 991 1062 ὕλη
1031 994 1132 1046 τοῦ
1170 988 1560 1061 ἀναλυομένου
1598 990 1801 1062 τόπου)

117 1078 223 1137 ὑπὸ
277 1084 450 1154 τριῶν
504 1079 756 1153 ἀνδρῶν,
813 1078 1125 1135 Εὐκλείδου
1179 1101 1237 1134 τε
1289 1083 1389 1135 τοῦ
1447 1081 1801 1151 στοιχειωτοῦ

117 1169 210 1224 καὶ
260 1167 633 1225 Ἀπολλωνίου
697 1177 798 1223 τοῦ
853 1171 1139 1240 Περγαίου
1192 1167 1284 1222 καὶ
1333 1165 1646 1239 Ἀρισταίου
1698 1170 1800 1223 τοῦ
1836 1178 1890 1216 10

119 1258 511 1330 πρεσβυτέρου,
550 1255 686 1312 κατὰ
728 1254 1003 1311 ἀνάλυσιν
1035 1255 1126 1310 καὶ
1161 1254 1432 1310 σύνθεσιν
1465 1259 1666 1326 ἔχουσα
1697 1257 1801 1326 τὴν

121 1349 342 1418 ἔφοδον.
742 1361 745 1364 ·

225 1466 625 1519 Enumerantur
666 1465 868 1518 omnia:

229 1570 312 1622 11.
352 1567 568 1637 Pappus
607 1566 735 1638 VII,
776 1569 809 1621 3
848 1586 899 1636 p.
940 1567 1067 1635 636,
1111 1567 1177 1620 18
1219 1585 1316 1635 sq.:

231 1664 355 1717 Τῶν
396 1660 458 1716 δὲ
495 1660 911 1732 προειρημένων
942 1662 1042 1715 τοῦ
1075 1657 1461 1731 ἀναλυομένου
1494 1664 1729 1731 βιβλίων
1761 1658 1793 1731 ἡ
1832 1675 1886 1714 15

14 1744 46 1797 ’,
115 1749 263 1816 τάξις
301 1749 451 1805 ἐστὶν
488 1748 738 1819 τοιαύτη’
779 1747 1091 1803 Εὐκλείδου
1132 1749 1450 1831 δεδομένων
1490 1753 1710 1818 βιβλίον
1742 1759 1797 1814 οἶ,

112 1835 552 1892 Ἀπολλωνίου
593 1836 795 1907 λόγου
834 1834 1167 1907 ἀποτομῆς
1198 1841 1250 1906 β,
1290 1840 1537 1908 χωρίου
1570 1835 1799 1892 ἀποτο-

116 1928 232 1996 μῆς
286 1915 345 1995 β,
402 1925 842 1996 διωρισμένης
893 1928 1094 1995 τομῆς
1142 1923 1286 1993 δύο,
1343 1925 1609 1994 ἐπαφῶν
1659 1923 1798 1994 δύο,

115 2010 423 2068 Εὐκλείδου
462 2013 819 2084 πορισμάτων
858 2017 999 2084 τρία,
1032 2011 1476 2067 Ἀπολλωνίου
1506 2011 1798 2067 νεύσεων

117 2099 253 2171 δύο,
284 2102 399 2155 τοῦ
431 2098 634 2155 αὐτοῦ
666 2099 881 2156 τόπων
906 2101 1232 2155 ἐπιπέδων
1259 2102 1394 2170 δύο,
1425 2103 1722 2155 κωνικῶν
1746 2105 1796 2171 ἧ.
1830 2114 1887 2154 20

227 2263 430 2317 Deinde
472 2263 656 2316 ordine
698 2263 916 2334 singula
957 2266 1332 2332 excerpuntur:

585 2380 675 2433 De
716 2382 1004 2434 seessione
1043 2381 1333 2434 rationis,

229 2485 312 2536 12.
352 2483 565 2552 Pappus
604 2482 733 2552 VII,
773 2483 807 2536 5
846 2503 896 2552 p.
937 2484 1066 2552 640,
1104 2485 1141 2536 4
1183 2502 1281 2553 sq.:

233 2575 340 2640 Τῆς
387 2566 439 2623 δ’
491 2567 825 2640 ἀποτομῆς
869 2572 985 2624 τοῦ
1023 2567 1227 2639 λόγου
1267 2573 1501 2638 βιβλίων
1541 2567 1723 2624 ὄντων
1763 2558 1800 2638 β

116 2655 379 2727 πρότασίς
411 2657 559 2712 ἐστιν
591 2661 688 2727 μία
719 2654 1151 2728 ὑποδιῃρημένη,
1192 2657 1279 2711 διὸ
1310 2656 1402 2711 καὶ
1433 2661 1565 2727 μίαν
1598 2654 1795 2726 πρότα-
1829 2676 1886 2716 25

119 2759 210 2798 σιν
250 2742 424 2810 οὕτως
460 2744 680 2817 γράφω·
723 2743 816 2799 διὰ
853 2746 955 2798 τοῦ
996 2746 1264 2809 δοθέντος
1303 2748 1534 2814 σημείου
1566 2741 1798 2798 εὐθεῖαν

118 2831 374 2903 γραμμὴν
414 2830 643 2903 ἀγαγεῖν
682 2834 994 2903 τέμνουσαν
1034 2829 1140 2886 ἀπὸ
1181 2835 1292 2887 τῶν
1326 2834 1392 2902 τῇ
1424 2832 1579 2886 θέσει
1613 2834 1799 2886 δοθει-

121 2920 233 2972 σῶν
267 2918 369 2974 δύο
404 2918 643 2974 εὐθειῶν
674 2918 811 2990 πρὸς
841 2930 955 2983 τοῖς
987 2916 1069 2974 ἐπ’
1099 2917 1283 2973 αὐτῶν
1310 2922 1525 2972 δοθεῖσι
1554 2924 1800 2989 σημείοις
