2046 3256
765 171 1143 215 FRAGMENTA.
1694 172 1797 224 127

123 283 151 341 6
194 287 252 342 ἐκ
290 287 402 341 τῶν
440 282 703 356 ἀριθμῶν
743 284 830 357 ἐφ’
870 279 950 347 ὧν
989 285 1056 340 τὰ
1096 294 1167 356 A,
1192 293 1239 342 Β
1280 289 1498 360 στερεὸς
1535 290 1801 362 μυριάδες

121 374 265 430 εἰσὶν
302 382 568 428 τοσαῦται
617 370 908 444 ὁμώνυμοι
953 377 1028 447 τῷ
1067 379 1137 443 Ζ,
1194 373 1323 440 ὅσος
1370 376 1519 432 ἐστὶν
1567 375 1595 432 6
1645 381 1798 433 δεκα-

120 466 369 517 πλασίων
423 470 524 516 τοῦ
580 467 642 517 Ε.
735 462 835 516 ἐὰν
893 460 953 516 δὲ
1007 463 1068 518 τὸ
1124 465 1530 535 προειρημένον
1583 470 1800 538 πλῆθος

121 550 499 622 μετρούμενον
538 548 646 604 ὑπὸ
688 548 951 621 τετράδος
995 556 1292 623 καταλείπῃ
1338 552 1469 623 δύο,
1518 551 1547 608 6
1590 557 1647 610 ἐκ
1685 559 1797 611 τῶν

119 637 379 710 ἀριθμῶν
419 638 639 709 στερεὸς
677 640 789 693 τῶν
831 635 918 708 ἐφ’
956 633 1036 693 ὦν
1075 639 1140 693 τὰ
1176 647 1246 708 A,
1271 646 1318 694 Β
1357 641 1622 712 μυριάδες
1654 643 1796 698 εἰσὶν
1859 656 1885 695 5

22 763 28 768 -
117 736 383 782 τοσαῦται
423 723 710 797 ὁμώνυμοι
749 735 825 802 τῷ
868 733 929 796 Ζ,
972 724 1102 792 ὅσος
1142 728 1290 782 ἐστὶν
1333 726 1361 783 6
1403 730 1796 786 ἑκατονταπλά-

121 830 238 879 σιος
275 822 376 869 τοῦ
415 819 468 867 Ε
510 811 772 885 ἀριθμοῦ.
858 812 994 869 ὅταν
1043 815 1103 870 δὲ
1141 827 1286 887 τρεῖς
1323 824 1798 890 καταλειφθῶσιν,

120 909 239 968 ἴσος
292 902 442 958 ἐστὶν
496 899 525 956 6
574 903 629 967 ἐξ
676 900 864 957 αὐτῶν
913 904 1134 973 στερεὸς
1187 904 1452 975 μυριάσιν
1504 907 1798 972 τοσαύταις

119 989 438 1062 ὁμωνύμοις
483 993 558 1064 τῷ
602 996 672 1060 Ζ,
729 988 859 1055 ὅσος
907 991 1055 1046 ἐστὶν
1104 989 1132 1046 6
1182 993 1564 1063 χιλιαπλάσιος
1609 1005 1708 1050 τοῦ
1749 1001 1801 1049 Ε

118 1078 382 1149 ἀριθμοῦ.
1830 1095 1882 1135 10

227 1199 313 1252 43.
368 1197 582 1267 Pappus
622 1197 692 1267 ΙΙ,
734 1200 762 1251 7
806 1218 856 1267 p.
889 1200 936 1267 8,
971 1201 1039 1252 12
1059 1218 1158 1268 sq.:

221 1283 340 1339 Ἐπὶ
388 1283 449 1338 δὲ
495 1286 595 1339 τοῦ
642 1283 727 1338 ιθ’
766 1284 1142 1356 θεωρήματος.
1212 1284 1389 1342 ’Ἐστω
1429 1308 1511 1352 τις
1556 1285 1796 1359 ἀριθμὸς

119 1370 147 1428 6
187 1380 240 1427 A
288 1370 538 1427 ἐλάσσων
582 1372 684 1442 μὲν
726 1373 1113 1442 ἑκατοντάδος,
1161 1374 1531 1445 μετρούμενος
1577 1376 1638 1431 δὲ
1685 1375 1792 1432 ὑπὸ

118 1460 374 1531 δεκάδος,
420 1461 512 1514 καὶ
560 1461 718 1515 ἄλλοι
767 1459 1175 1531 ὁσοιδηποτοῦν
1226 1462 1461 1533 ἀριθμοὶ
1501 1463 1795 1530 ἐλάσσονες

118 1548 374 1618 δεκάδος,
428 1548 518 1603 καὶ
567 1548 698 1603 δέον
748 1552 886 1604 ἔστω
933 1548 1031 1604 τὸν
1079 1552 1137 1604 ἐκ
1182 1553 1295 1605 τῶν
1336 1559 1411 1620 A,
1442 1558 1513 1620 Β,
1545 1557 1609 1621 Γ,
1643 1560 1715 1622 A,
1747 1559 1798 1607 Ε
1829 1563 1881 1603 15

117 1635 340 1706 στερεὸν
379 1639 569 1691 εἰπεῖν.

209 1723 389 1779 ’Ἑστω
429 1723 535 1794 γὰρ
574 1723 705 1780 καθ’
743 1722 810 1780 ὃν
842 1737 1115 1796 μετρεῖται
1148 1724 1177 1781 6
1203 1734 1256 1780 A
1295 1724 1402 1782 ὑπὸ
1436 1731 1532 1798 τῆς
1563 1727 1795 1792 δεκάδος

119 1810 147 1868 6
189 1818 260 1882 Ζ,
307 1814 590 1867 τουτέστιν
632 1811 661 1867 6
701 1813 932 1885 πυθμὴν
970 1824 1069 1868 τοῦ
1110 1820 1188 1883 A,
1235 1815 1326 1869 καὶ
1366 1815 1621 1886 εἰλήφθω
1667 1816 1695 1872 6
1736 1819 1794 1871 ἐκ

115 1903 225 1955 τῶν
265 1906 328 1969 Ζ,
359 1906 426 1971 Β,
458 1905 521 1970 Γ,
557 1907 626 1969 A,
659 1906 712 1954 Ε
747 1900 966 1972 στερεὸς
1003 1902 1093 1955 καὶ
1135 1906 1269 1956 ἔστω
1311 1900 1339 1957 6
1380 1907 1458 1957 H·
1505 1904 1672 1973 λέγω,
1712 1903 1794 1959 ὅτι

116 1984 144 2042 6
187 1988 279 2042 διὰ
317 1991 429 2042 τῶν
463 1995 531 2057 A,
563 1995 627 2058 Β,
660 1993 722 2058 Γ,
757 1996 828 2058 A,
862 1995 914 2042 Ε
949 1989 1166 2061 στερεὸς
1207 1992 1424 2054 δεκάκις
1459 1991 1601 2046 εἰσὶν
1636 1994 1693 2046 οἱ
1720 1998 1790 2046 Η.
1824 2003 1879 2042 20

226 2077 305 2129 De
346 2077 801 2131 demonstratione
841 2078 1056 2148 Pappus
1095 2098 1145 2147 p.
1187 2080 1234 2148 8,
1273 2081 1367 2133 27:
1422 2076 1483 2133 τὸ
1526 2078 1589 2134 δὲ
1626 2102 1791 2151 γραμ-

115 2159 279 2232 μικὸν
318 2160 427 2218 ὑπὸ
467 2168 569 2219 τοῦ
602 2161 978 2220 Ἀπολλωνίου
1018 2167 1303 2220 δέδεικται.

223 2282 312 2334 44.
364 2281 579 2350 Pappus
619 2281 688 2351 II,
730 2282 761 2334 8
801 2301 853 2351 p.
887 2283 969 2352 10,
1005 2285 1032 2336 1
1056 2302 1156 2353 sq.:

220 2363 379 2421 Ἀλλὰ
420 2366 487 2438 δὴ
530 2371 777 2423 ἔστωσαν
817 2367 921 2423 δύο
960 2367 1192 2440 ἀριθμοὶ
1233 2372 1290 2424 oc
1325 2377 1397 2439 A,
1425 2376 1498 2439 Β,
1546 2363 1625 2425 ὧν
1668 2370 1789 2425 ἑκά-

114 2473 267 2523 τερος
305 2454 555 2509 ἐλάσσων
595 2454 696 2525 μὲν
736 2455 1122 2525 ἑκατοντάδος,
1167 2455 1537 2527 μετρούμενος
1577 2457 1638 2513 δὲ
1677 2456 1786 2513 ὑπὸ
1822 2470 1875 2508 25

233 2613 332 2657 Lin.
351 2619 408 2658 24
419 2629 487 2670 sq.
507 2615 565 2657 ab
583 2615 835 2671 Apollonio
854 2614 1094 2660 abiudieat
1106 2616 1334 2673 Tannery,
1360 2618 1439 2662 sed
1467 2618 1547 2662 cfr.
1565 2632 1609 2673 p.
1629 2622 1724 2672 128,
1748 2622 1786 2661 7.

117 2673 282 2716 contra
312 2673 410 2715 iure
441 2673 565 2716 idem
599 2674 740 2730 Papp.
773 2690 818 2730 p.
850 2679 918 2728 10,
954 2679 1127 2719 15—30
1158 2679 1302 2731 negat
1332 2676 1458 2731 apud
1487 2675 1787 2732 Apollonium

116 2728 274 2786 fuisse,
307 2744 391 2774 nec
414 2730 482 2774 ibi
513 2729 565 2775 τὸ
590 2731 855 2788 γραμμικόν
887 2733 1076 2786 citatur3
1111 2747 1140 2776 a
1163 2733 1323 2790 Pappo
1348 2734 1562 2778 additum
1586 2734 1787 2788 uidetur,

116 2801 204 2843 quo
235 2789 385 2845 magis
415 2789 650 2846 gradatim
682 2790 743 2833 ad.
776 2792 940 2847 fragm.
966 2797 1021 2835 45
1054 2796 1336 2836 transeatur.

237 2938 304 2978 15.
337 2931 537 2986 δεκάδος
569 2933 670 2980 οἷον
702 2934 750 2981 οἵ
784 2941 829 2991 Β,
857 2940 908 2993 Γ,
934 2941 989 2992 A,
1015 2940 1055 2981 Ε
1086 2937 1284 2981 Hultsch
1318 2950 1420 2980 cum
1452 2936 1568 2980 aliis.
