<?xml version="1.0" encoding="UTF-8"?>
<!DOCTYPE html PUBLIC "-//W3C//DTD XHTML 1.0 Transitional//EN"
    "http://www.w3.org/TR/xhtml1/DTD/xhtml1-transitional.dtd">
<html xmlns="http://www.w3.org/1999/xhtml" xml:lang="en" lang="en">
 <head>
  <title>
</title>
<meta http-equiv="Content-Type" content="text/html;charset=utf-8" />
  <meta name='ocr-system' content='tesseract 3.04.00' />
  <meta name='ocr-capabilities' content='ocr_page ocr_carea ocr_par ocr_line ocrx_word'/>
</head>
<body>
  <div class='ocr_page' id='page_1' title='image "apolloniipergaei02apoluoft_0340.png"; bbox 0 0 2046 3256; ppageno 0'>
   <div class='ocr_carea' id='block_1_1' title="bbox 244 135 1472 191">
    <p class='ocr_par' dir='ltr' id='par_1_1' title="bbox 244 135 1472 191">
     <span class='ocr_line' id='line_1_1' title="bbox 244 135 1472 191; baseline -0.005 -3"><span class='ocrx_word' id='word_1_1' title='bbox 244 135 355 189; x_wconf 78' lang='lat'><em>248</em></span> <span class='ocrx_word' id='word_1_2' title='bbox 720 137 1162 181; x_wconf 81' lang='lat' dir='ltr'><em>COMMENTARIA</em></span> <span class='ocrx_word' id='word_1_3' title='bbox 1190 138 1472 191; x_wconf 79' lang='lat' dir='ltr'><em>ANTIQUA.</em></span> 
     </span>
    </p>
   </div>
   <div class='ocr_carea' id='block_1_2' title="bbox 157 252 1960 2107">
    <p class='ocr_par' dir='ltr' id='par_1_2' title="bbox 245 252 1960 588">
     <span class='ocr_line' id='line_1_2' title="bbox 363 252 1951 329; baseline 0.002 -20"><span class='ocrx_word' id='word_1_4' title='bbox 363 257 452 310; x_wconf 81' lang='grc' dir='ltr'><em>δεῖ</em></span> <span class='ocrx_word' id='word_1_5' title='bbox 487 254 679 326; x_wconf 86' lang='grc' dir='ltr'><em>μέντοι</em></span> <span class='ocrx_word' id='word_1_6' title='bbox 720 254 950 324; x_wconf 78' lang='grc' dir='ltr'><em>εἰδέναι,</em></span> <span class='ocrx_word' id='word_1_7' title='bbox 991 252 1075 311; x_wconf 82' lang='grc' dir='ltr'><em>ὅτι</em></span> <span class='ocrx_word' id='word_1_8' title='bbox 1114 252 1247 310; x_wconf 82' lang='grc' dir='ltr'><strong>καθ’</strong></span> <span class='ocrx_word' id='word_1_9' title='bbox 1293 254 1530 326; x_wconf 80' lang='grc' dir='ltr'><em>ἑκάστην</em></span> <span class='ocrx_word' id='word_1_10' title='bbox 1570 253 1749 329; x_wconf 83' lang='grc' dir='ltr'><em>τομὴν</em></span> <span class='ocrx_word' id='word_1_11' title='bbox 1787 257 1951 312; x_wconf 75' lang='grc' dir='ltr'><strong><em>κατα-</em></strong></span> 
     </span>
     <span class='ocr_line' id='line_1_3' title="bbox 245 340 1960 416; baseline 0.002 -18"><span class='ocrx_word' id='word_1_12' title='bbox 245 348 465 414; x_wconf 72' lang='grc' dir='ltr'><em>γραφαί</em></span> <span class='ocrx_word' id='word_1_13' title='bbox 515 347 622 399; x_wconf 79' lang='grc' dir='ltr'><em>εἰσι</em></span> <span class='ocrx_word' id='word_1_14' title='bbox 679 343 783 399; x_wconf 81' lang='grc' dir='ltr'><em>δύο</em></span> <span class='ocrx_word' id='word_1_15' title='bbox 837 347 941 399; x_wconf 85' lang='grc' dir='ltr'><em>τοῦ</em></span> <span class='ocrx_word' id='word_1_16' title='bbox 990 350 1035 398; x_wconf 94' lang='grc' dir='ltr'><strong><em>Ζ</em></strong></span> <span class='ocrx_word' id='word_1_17' title='bbox 1090 348 1323 416; x_wconf 83' lang='grc' dir='ltr'><em>σημείου</em></span> <span class='ocrx_word' id='word_1_18' title='bbox 1375 340 1410 414; x_wconf 62' lang='grc' dir='ltr'><em>’ἢ</em></span> <span class='ocrx_word' id='word_1_19' title='bbox 1459 345 1709 416; x_wconf 82' lang='grc' dir='ltr'><strong><em>ἐσωτέρω</em></strong></span> <span class='ocrx_word' id='word_1_20' title='bbox 1755 354 1856 402; x_wconf 80' lang='grc' dir='ltr'><em>τοῦ</em></span> <span class='ocrx_word' id='word_1_21' title='bbox 1905 350 1960 402; x_wconf 90' lang='grc' dir='ltr'><em>Γ</em></span> 
     </span>
     <span class='ocr_line' id='line_1_4' title="bbox 247 429 1952 504; baseline 0.002 -17"><span class='ocrx_word' id='word_1_22' title='bbox 247 432 680 504; x_wconf 80' lang='grc' dir='ltr'><strong><em>λαμβανομένου</em></strong></span> <span class='ocrx_word' id='word_1_23' title='bbox 719 429 754 504; x_wconf 81' lang='grc' dir='ltr'><em>ἢ</em></span> <span class='ocrx_word' id='word_1_24' title='bbox 797 432 1061 503; x_wconf 81' lang='grc' dir='ltr'><em>ἐξωτέρω·</em></span> <span class='ocrx_word' id='word_1_25' title='bbox 1103 430 1242 489; x_wconf 72' lang='grc' dir='ltr'><em>ὥστε</em></span> <span class='ocrx_word' id='word_1_26' title='bbox 1284 430 1429 488; x_wconf 85' lang='grc' dir='ltr'><em>εἶναι</em></span> <span class='ocrx_word' id='word_1_27' title='bbox 1467 434 1567 500; x_wconf 84' lang='grc' dir='ltr'><em>τὰς</em></span> <span class='ocrx_word' id='word_1_28' title='bbox 1597 432 1779 500; x_wconf 76' lang='grc' dir='ltr'><em>πάσας</em></span> <span class='ocrx_word' id='word_1_29' title='bbox 1811 433 1952 491; x_wconf 79' lang='grc' dir='ltr'><strong><em>πτώ-</em></strong></span> 
     </span>
     <span class='ocr_line' id='line_1_5' title="bbox 247 522 470 588; baseline 0.004 -13"><span class='ocrx_word' id='word_1_30' title='bbox 247 537 362 587; x_wconf 83' lang='grc' dir='ltr'><em>σεις</em></span> <span class='ocrx_word' id='word_1_31' title='bbox 402 522 470 588; x_wconf 79' lang='grc' dir='ltr'><em>ἔξ.</em></span> 
     </span>
    </p>

    <p class='ocr_par' dir='ltr' id='par_1_3' title="bbox 186 609 1950 686">
     <span class='ocr_line' id='line_1_6' title="bbox 186 609 1950 686; baseline 0.001 -19"><span class='ocrx_word' id='word_1_32' title='bbox 186 628 213 667; x_wconf 83' lang='lat'>5</span> <span class='ocrx_word' id='word_1_33' title='bbox 359 612 557 682; x_wconf 80' lang='grc' dir='ltr'><em>χρῆται</em></span> <span class='ocrx_word' id='word_1_34' title='bbox 598 609 660 666; x_wconf 74' lang='grc' dir='ltr'><em>δὲ</em></span> <span class='ocrx_word' id='word_1_35' title='bbox 698 610 791 666; x_wconf 86' lang='grc' dir='ltr'><em>καὶ</em></span> <span class='ocrx_word' id='word_1_36' title='bbox 833 609 937 666; x_wconf 81' lang='grc' dir='ltr'><em>δύο</em></span> <span class='ocrx_word' id='word_1_37' title='bbox 975 609 1275 682; x_wconf 80' lang='grc' dir='ltr'><em>λήμμασιν,</em></span> <span class='ocrx_word' id='word_1_38' title='bbox 1316 609 1455 685; x_wconf 77' lang='grc' dir='ltr'><strong><em>ἅπερ</em></strong></span> <span class='ocrx_word' id='word_1_39' title='bbox 1489 612 1615 684; x_wconf 78' lang='grc' dir='ltr'><strong><em>ἑξῆς</em></strong></span> <span class='ocrx_word' id='word_1_40' title='bbox 1645 612 1950 686; x_wconf 77' lang='grc' dir='ltr'><em>γράψομεν.</em></span> 
     </span>
    </p>

    <p class='ocr_par' dir='ltr' id='par_1_4' title="bbox 246 697 1955 1044">
     <span class='ocr_line' id='line_1_7' title="bbox 359 697 1948 774; baseline 0.002 -19"><span class='ocrx_word' id='word_1_41' title='bbox 359 704 582 771; x_wconf 80' lang='grc' dir='ltr'><em>μεῖζον</em></span> <span class='ocrx_word' id='word_1_42' title='bbox 638 698 763 773; x_wconf 78' lang='grc' dir='ltr'><em>ἄρα</em></span> <span class='ocrx_word' id='word_1_43' title='bbox 816 702 884 755; x_wconf 85' lang='grc' dir='ltr'><em>τὸ</em></span> <span class='ocrx_word' id='word_1_44' title='bbox 941 697 1064 755; x_wconf 85' lang='grc' dir='ltr'><em>ὑπὸ</em></span> <span class='ocrx_word' id='word_1_45' title='bbox 1113 703 1298 764; x_wconf 90' lang='grc' dir='ltr'><em>ΑΝΞ</em></span> <span class='ocrx_word' id='word_1_46' title='bbox 1340 704 1459 756; x_wconf 84' lang='grc' dir='ltr'><em>τοῦ</em></span> <span class='ocrx_word' id='word_1_47' title='bbox 1505 698 1628 758; x_wconf 83' lang='grc' dir='ltr'><em>ὑπὸ</em></span> <span class='ocrx_word' id='word_1_48' title='bbox 1674 703 1862 765; x_wconf 90' lang='grc' dir='ltr'><em>ΛΟΞ·</em></span> <span class='ocrx_word' id='word_1_49' title='bbox 1914 698 1948 774; x_wconf 78' lang='grc' dir='ltr'>ἡ</span> 
     </span>
     <span class='ocr_line' id='line_1_8' title="bbox 246 787 1946 864; baseline 0.003 -21"><span class='ocrx_word' id='word_1_50' title='bbox 246 794 362 843; x_wconf 89' lang='grc' dir='ltr'><em>ΝΟ</em></span> <span class='ocrx_word' id='word_1_51' title='bbox 417 787 543 862; x_wconf 78' lang='grc' dir='ltr'><em>ἄρα</em></span> <span class='ocrx_word' id='word_1_52' title='bbox 595 792 756 862; x_wconf 78' lang='grc' dir='ltr'><strong>πρὸς</strong></span> <span class='ocrx_word' id='word_1_53' title='bbox 803 791 906 853; x_wconf 90' lang='grc' dir='ltr'><em>ΞΟ</em></span> <span class='ocrx_word' id='word_1_54' title='bbox 960 792 1220 860; x_wconf 83' lang='grc' dir='ltr'><em>μείζονα</em></span> <span class='ocrx_word' id='word_1_55' title='bbox 1267 792 1469 861; x_wconf 80' lang='grc' dir='ltr'><em>λόγον</em></span> <span class='ocrx_word' id='word_1_56' title='bbox 1525 794 1652 863; x_wconf 79' lang='grc' dir='ltr'><em>ἔχει</em></span> <span class='ocrx_word' id='word_1_57' title='bbox 1702 788 1865 864; x_wconf 69' lang='grc' dir='ltr'><strong><em>’ἥπερ</em></strong></span> <span class='ocrx_word' id='word_1_58' title='bbox 1913 788 1946 863; x_wconf 82' lang='grc' dir='ltr'><em>ἡ</em></span> 
     </span>
     <span class='ocr_line' id='line_1_9' title="bbox 250 876 1950 952; baseline 0.003 -20"><span class='ocrx_word' id='word_1_59' title='bbox 250 883 358 932; x_wconf 89' lang='lat' dir='ltr'><em>OA</em></span> <span class='ocrx_word' id='word_1_60' title='bbox 411 880 573 950; x_wconf 82' lang='grc' dir='ltr'><em>πρὸς</em></span> <span class='ocrx_word' id='word_1_61' title='bbox 618 882 769 947; x_wconf 92' lang='lat' dir='ltr'><em>AN]</em></span> <span class='ocrx_word' id='word_1_62' title='bbox 827 877 942 933; x_wconf 80' lang='grc' dir='ltr'><em>ἐπεὶ</em></span> <span class='ocrx_word' id='word_1_63' title='bbox 987 878 1095 951; x_wconf 75' lang='grc' dir='ltr'><em>γὰρ</em></span> <span class='ocrx_word' id='word_1_64' title='bbox 1142 882 1204 934; x_wconf 88' lang='grc' dir='ltr'><em>τὸ</em></span> <span class='ocrx_word' id='word_1_65' title='bbox 1252 876 1360 934; x_wconf 84' lang='grc' dir='ltr'><em>ὑπὸ</em></span> <span class='ocrx_word' id='word_1_66' title='bbox 1409 884 1555 950; x_wconf 88' lang='grc' dir='ltr'><em>ΑΝ,</em></span> <span class='ocrx_word' id='word_1_67' title='bbox 1602 881 1720 944; x_wconf 92' lang='grc' dir='ltr'><em>ΝΞ</em></span> <span class='ocrx_word' id='word_1_68' title='bbox 1763 879 1950 952; x_wconf 73' lang='grc' dir='ltr'><em>μεῖζόν</em></span> 
     </span>
     <span class='ocr_line' id='line_1_10' title="bbox 248 963 1955 1044; baseline 0.002 -22"><span class='ocrx_word' id='word_1_69' title='bbox 248 969 363 1022; x_wconf 82' lang='grc' dir='ltr'><em>ἐστι</em></span> <span class='ocrx_word' id='word_1_70' title='bbox 409 970 511 1022; x_wconf 80' lang='grc' dir='ltr'><em>τοῦ</em></span> <span class='ocrx_word' id='word_1_71' title='bbox 558 963 665 1022; x_wconf 78' lang='grc' dir='ltr'><em>ὑπὸ</em></span> <span class='ocrx_word' id='word_1_72' title='bbox 716 972 850 1038; x_wconf 91' lang='grc' dir='ltr'><em>ΑΟ,</em></span> <span class='ocrx_word' id='word_1_73' title='bbox 901 968 1025 1037; x_wconf 90' lang='grc' dir='ltr'><em>ΟΞ,</em></span> <span class='ocrx_word' id='word_1_74' title='bbox 1073 968 1321 1037; x_wconf 78' lang='grc' dir='ltr'><em>γινέσθω</em></span> <span class='ocrx_word' id='word_1_75' title='bbox 1369 971 1445 1044; x_wconf 76' lang='grc' dir='ltr'><em>τῷ</em></span> <span class='ocrx_word' id='word_1_76' title='bbox 1493 965 1602 1023; x_wconf 84' lang='grc' dir='ltr'><em>ὑπὸ</em></span> <span class='ocrx_word' id='word_1_77' title='bbox 1651 975 1798 1041; x_wconf 89' lang='grc' dir='ltr'><em>ΑΝ,</em></span> <span class='ocrx_word' id='word_1_78' title='bbox 1838 971 1955 1034; x_wconf 92' lang='grc' dir='ltr'><em>ΝΞ</em></span> 
     </span>
    </p>

    <p class='ocr_par' dir='ltr' id='par_1_5' title="bbox 163 1053 1958 1485">
     <span class='ocr_line' id='line_1_11' title="bbox 163 1053 1950 1129; baseline 0.001 -16"><span class='ocrx_word' id='word_1_79' title='bbox 163 1074 220 1114; x_wconf 86' lang='grc'><em>10</em></span> <span class='ocrx_word' id='word_1_80' title='bbox 254 1062 382 1112; x_wconf 81' lang='grc' dir='ltr'><em>ἴσον</em></span> <span class='ocrx_word' id='word_1_81' title='bbox 427 1060 489 1112; x_wconf 90' lang='grc' dir='ltr'><em>τὸ</em></span> <span class='ocrx_word' id='word_1_82' title='bbox 538 1053 645 1111; x_wconf 79' lang='grc' dir='ltr'><em>ὑπὸ</em></span> <span class='ocrx_word' id='word_1_83' title='bbox 692 1058 790 1127; x_wconf 83' lang='grc' dir='ltr'><em>τῆς</em></span> <span class='ocrx_word' id='word_1_84' title='bbox 828 1061 940 1110; x_wconf 91' lang='lat' dir='ltr'><em>AO</em></span> <span class='ocrx_word' id='word_1_85' title='bbox 978 1055 1071 1110; x_wconf 82' lang='grc' dir='ltr'><em>καὶ</em></span> <span class='ocrx_word' id='word_1_86' title='bbox 1115 1054 1285 1127; x_wconf 74' lang='grc' dir='ltr'><em>ἄλλης</em></span> <span class='ocrx_word' id='word_1_87' title='bbox 1322 1059 1474 1121; x_wconf 82' lang='grc' dir='ltr'><em>τινὸς</em></span> <span class='ocrx_word' id='word_1_88' title='bbox 1512 1059 1608 1128; x_wconf 82' lang='grc' dir='ltr'><em>τῆς</em></span> <span class='ocrx_word' id='word_1_89' title='bbox 1646 1058 1784 1128; x_wconf 92' lang='grc' dir='ltr'><em>ΞΠ,</em></span> <span class='ocrx_word' id='word_1_90' title='bbox 1830 1056 1950 1129; x_wconf 73' lang='grc' dir='ltr'><em>ἥτις</em></span> 
     </span>
     <span class='ocr_line' id='line_1_12' title="bbox 246 1142 1947 1220; baseline 0.001 -20"><span class='ocrx_word' id='word_1_91' title='bbox 246 1150 447 1217; x_wconf 81' lang='grc' dir='ltr'><em>μείζων</em></span> <span class='ocrx_word' id='word_1_92' title='bbox 488 1148 640 1201; x_wconf 83' lang='grc' dir='ltr'><em>ἔσται</em></span> <span class='ocrx_word' id='word_1_93' title='bbox 678 1147 776 1216; x_wconf 81' lang='grc' dir='ltr'><em>τῆς</em></span> <span class='ocrx_word' id='word_1_94' title='bbox 806 1146 856 1208; x_wconf 89' lang='grc' dir='ltr'><em>Ξ</em></span> <span class='ocrx_word' id='word_1_95' title='bbox 865 1149 931 1199; x_wconf 87' lang='lat'><em>0·</em></span> <span class='ocrx_word' id='word_1_96' title='bbox 973 1148 1124 1200; x_wconf 80' lang='grc' dir='ltr'><em>ἔστιν</em></span> <span class='ocrx_word' id='word_1_97' title='bbox 1157 1143 1285 1217; x_wconf 73' lang='grc' dir='ltr'><em>ἄρα,</em></span> <span class='ocrx_word' id='word_1_98' title='bbox 1326 1142 1400 1210; x_wconf 77' lang='grc' dir='ltr'><em>ὡς</em></span> <span class='ocrx_word' id='word_1_99' title='bbox 1431 1142 1465 1216; x_wconf 81' lang='grc' dir='ltr'><em>ἡ</em></span> <span class='ocrx_word' id='word_1_100' title='bbox 1502 1151 1610 1200; x_wconf 90' lang='grc' dir='ltr'><em>ΟΑ</em></span> <span class='ocrx_word' id='word_1_101' title='bbox 1641 1150 1780 1220; x_wconf 80' lang='grc' dir='ltr'><strong>πρὸς</strong></span> <span class='ocrx_word' id='word_1_102' title='bbox 1811 1153 1947 1218; x_wconf 88' lang='grc' dir='ltr'><em>ΑΝ,</em></span> 
     </span>
     <span class='ocr_line' id='line_1_13' title="bbox 246 1231 1951 1307; baseline 0.002 -19"><span class='ocrx_word' id='word_1_103' title='bbox 246 1232 280 1304; x_wconf 77' lang='grc' dir='ltr'>ἡ</span> <span class='ocrx_word' id='word_1_104' title='bbox 323 1235 438 1298; x_wconf 96' lang='grc' dir='ltr'><em>ΝΞ</em></span> <span class='ocrx_word' id='word_1_105' title='bbox 480 1237 619 1307; x_wconf 79' lang='grc' dir='ltr'><strong>πρὸς</strong></span> <span class='ocrx_word' id='word_1_106' title='bbox 656 1235 783 1297; x_wconf 92' lang='grc' dir='ltr'><em>ΞΠ.</em></span> <span class='ocrx_word' id='word_1_107' title='bbox 862 1231 895 1305; x_wconf 81' lang='grc' dir='ltr'><em>ἡ</em></span> <span class='ocrx_word' id='word_1_108' title='bbox 938 1232 1000 1289; x_wconf 74' lang='grc' dir='ltr'><em>δὲ</em></span> <span class='ocrx_word' id='word_1_109' title='bbox 1038 1235 1156 1297; x_wconf 93' lang='grc' dir='ltr'><em>ΝΞ</em></span> <span class='ocrx_word' id='word_1_110' title='bbox 1195 1237 1334 1306; x_wconf 79' lang='grc' dir='ltr'>πρὸς</span> <span class='ocrx_word' id='word_1_111' title='bbox 1372 1236 1476 1298; x_wconf 91' lang='grc' dir='ltr'><em>ΞΟ</em></span> <span class='ocrx_word' id='word_1_112' title='bbox 1514 1238 1738 1306; x_wconf 81' lang='grc' dir='ltr'><em>μείζονα</em></span> <span class='ocrx_word' id='word_1_113' title='bbox 1777 1235 1951 1307; x_wconf 79' lang='grc' dir='ltr'><em>λόγον</em></span> 
     </span>
     <span class='ocr_line' id='line_1_14' title="bbox 248 1321 1958 1398; baseline 0.001 -20"><span class='ocrx_word' id='word_1_114' title='bbox 248 1327 358 1394; x_wconf 80' lang='grc' dir='ltr'><em>ἔχει</em></span> <span class='ocrx_word' id='word_1_115' title='bbox 404 1324 543 1395; x_wconf 78' lang='grc' dir='ltr'><strong><em>ἤπερ</em></strong></span> <span class='ocrx_word' id='word_1_116' title='bbox 589 1325 728 1394; x_wconf 79' lang='grc' dir='ltr'><strong>πρὸς</strong></span> <span class='ocrx_word' id='word_1_117' title='bbox 774 1321 879 1394; x_wconf 84' lang='grc' dir='ltr'><em>τὴν</em></span> <span class='ocrx_word' id='word_1_118' title='bbox 928 1325 1060 1386; x_wconf 90' lang='grc' dir='ltr'><em>ΞΠ·</em></span> <span class='ocrx_word' id='word_1_119' title='bbox 1111 1322 1204 1378; x_wconf 82' lang='grc' dir='ltr'><em>καὶ</em></span> <span class='ocrx_word' id='word_1_120' title='bbox 1250 1321 1284 1394; x_wconf 82' lang='grc' dir='ltr'>ἡ</span> <span class='ocrx_word' id='word_1_121' title='bbox 1337 1329 1445 1379; x_wconf 93' lang='grc' dir='ltr'><em>ΟΑ</em></span> <span class='ocrx_word' id='word_1_122' title='bbox 1492 1322 1602 1396; x_wconf 76' lang='grc' dir='ltr'><em>ἄρα</em></span> <span class='ocrx_word' id='word_1_123' title='bbox 1646 1322 1786 1398; x_wconf 79' lang='grc' dir='ltr'><em>πρὸς</em></span> <span class='ocrx_word' id='word_1_124' title='bbox 1832 1331 1958 1380; x_wconf 92' lang='grc' dir='ltr'><em>ΑΝ</em></span> 
     </span>
     <span class='ocr_line' id='line_1_15' title="bbox 249 1409 1620 1485; baseline 0.001 -17"><span class='ocrx_word' id='word_1_125' title='bbox 249 1411 517 1468; x_wconf 79' lang='grc' dir='ltr'><em>ἐλάττονα</em></span> <span class='ocrx_word' id='word_1_126' title='bbox 556 1412 729 1482; x_wconf 82' lang='grc' dir='ltr'><em>λόγον</em></span> <span class='ocrx_word' id='word_1_127' title='bbox 770 1415 879 1484; x_wconf 83' lang='grc' dir='ltr'><em>ἔχει</em></span> <span class='ocrx_word' id='word_1_128' title='bbox 919 1412 1057 1484; x_wconf 78' lang='grc' dir='ltr'><em>ἥπερ</em></span> <span class='ocrx_word' id='word_1_129' title='bbox 1099 1409 1132 1483; x_wconf 83' lang='grc' dir='ltr'>ἡ</span> <span class='ocrx_word' id='word_1_130' title='bbox 1173 1414 1291 1476; x_wconf 90' lang='grc' dir='ltr'><em>ΝΞ</em></span> <span class='ocrx_word' id='word_1_131' title='bbox 1324 1412 1465 1485; x_wconf 78' lang='grc' dir='ltr'><strong>πρὸς</strong></span> <span class='ocrx_word' id='word_1_132' title='bbox 1502 1414 1620 1477; x_wconf 89' lang='grc' dir='ltr'><em>ΞΟ.</em></span> 
     </span>
    </p>

    <p class='ocr_par' dir='ltr' id='par_1_6' title="bbox 160 1498 1949 1751">
     <span class='ocr_line' id='line_1_16' title="bbox 160 1498 1949 1576; baseline 0.001 -19"><span class='ocrx_word' id='word_1_133' title='bbox 160 1519 215 1558; x_wconf 84' lang='lat'><em>15</em></span> <span class='ocrx_word' id='word_1_134' title='bbox 360 1499 613 1574; x_wconf 83' lang='grc' dir='ltr'><em>φανερὸν</em></span> <span class='ocrx_word' id='word_1_135' title='bbox 655 1503 722 1571; x_wconf 84' lang='grc' dir='ltr'><em>δὴ</em></span> <span class='ocrx_word' id='word_1_136' title='bbox 763 1501 856 1556; x_wconf 81' lang='grc' dir='ltr'><em>καὶ</em></span> <span class='ocrx_word' id='word_1_137' title='bbox 888 1500 950 1557; x_wconf 85' lang='grc' dir='ltr'><em>τὸ</em></span> <span class='ocrx_word' id='word_1_138' title='bbox 983 1498 1283 1572; x_wconf 78' lang='grc' dir='ltr'><em>ἀνάπαλιν,</em></span> <span class='ocrx_word' id='word_1_139' title='bbox 1325 1499 1428 1573; x_wconf 82' lang='grc' dir='ltr'><em>ὅτι,</em></span> <span class='ocrx_word' id='word_1_140' title='bbox 1459 1498 1565 1558; x_wconf 76' lang='grc' dir='ltr'><em>κᾶν</em></span> <span class='ocrx_word' id='word_1_141' title='bbox 1597 1498 1632 1573; x_wconf 81' lang='grc' dir='ltr'><em>ἡ</em></span> <span class='ocrx_word' id='word_1_142' title='bbox 1664 1503 1783 1567; x_wconf 92' lang='grc' dir='ltr'><em>ΝΞ</em></span> <span class='ocrx_word' id='word_1_143' title='bbox 1808 1502 1949 1576; x_wconf 79' lang='grc' dir='ltr'><strong><em>πρὸς</em></strong></span> 
     </span>
     <span class='ocr_line' id='line_1_17' title="bbox 247 1588 1949 1664; baseline 0.001 -18"><span class='ocrx_word' id='word_1_144' title='bbox 247 1592 352 1653; x_wconf 90' lang='grc' dir='ltr'><em>ΞΟ</em></span> <span class='ocrx_word' id='word_1_145' title='bbox 393 1595 617 1662; x_wconf 80' lang='grc' dir='ltr'><em>μείζονα</em></span> <span class='ocrx_word' id='word_1_146' title='bbox 657 1589 830 1661; x_wconf 80' lang='grc' dir='ltr'><em>λόγον</em></span> <span class='ocrx_word' id='word_1_147' title='bbox 872 1594 965 1663; x_wconf 81' lang='grc' dir='ltr'><em>ἔχῃ</em></span> <span class='ocrx_word' id='word_1_148' title='bbox 1006 1590 1144 1662; x_wconf 70' lang='grc' dir='ltr'><em>ἤπερ</em></span> <span class='ocrx_word' id='word_1_149' title='bbox 1185 1588 1219 1662; x_wconf 83' lang='grc' dir='ltr'>ἡ</span> <span class='ocrx_word' id='word_1_150' title='bbox 1258 1596 1366 1646; x_wconf 91' lang='lat' dir='ltr'><em>OA</em></span> <span class='ocrx_word' id='word_1_151' title='bbox 1397 1592 1537 1664; x_wconf 74' lang='grc' dir='ltr'><em>πρὸς</em></span> <span class='ocrx_word' id='word_1_152' title='bbox 1569 1597 1706 1663; x_wconf 91' lang='grc' dir='ltr'><em>ΛΝ,</em></span> <span class='ocrx_word' id='word_1_153' title='bbox 1744 1589 1808 1648; x_wconf 86' lang='grc' dir='ltr'><em>τὸ</em></span> <span class='ocrx_word' id='word_1_154' title='bbox 1839 1589 1949 1648; x_wconf 83' lang='grc' dir='ltr'><em>ὑπὸ</em></span> 
     </span>
     <span class='ocr_line' id='line_1_18' title="bbox 247 1677 1540 1751; baseline 0.002 -17"><span class='ocrx_word' id='word_1_155' title='bbox 247 1683 378 1751; x_wconf 90' lang='grc' dir='ltr'><em>ΞΝ,</em></span> <span class='ocrx_word' id='word_1_156' title='bbox 419 1685 538 1734; x_wconf 93' lang='grc' dir='ltr'><em>ΝΑ</em></span> <span class='ocrx_word' id='word_1_157' title='bbox 578 1678 764 1750; x_wconf 77' lang='grc' dir='ltr'><em>μεῖζόν</em></span> <span class='ocrx_word' id='word_1_158' title='bbox 805 1682 919 1735; x_wconf 82' lang='grc' dir='ltr'><em>ἐστι</em></span> <span class='ocrx_word' id='word_1_159' title='bbox 959 1682 1062 1735; x_wconf 82' lang='grc' dir='ltr'><em>τοῦ</em></span> <span class='ocrx_word' id='word_1_160' title='bbox 1101 1677 1212 1735; x_wconf 83' lang='grc' dir='ltr'><em>ὑπὸ</em></span> <span class='ocrx_word' id='word_1_161' title='bbox 1255 1686 1381 1751; x_wconf 92' lang='grc' dir='ltr'><em>ΑΟ,</em></span> <span class='ocrx_word' id='word_1_162' title='bbox 1426 1682 1540 1743; x_wconf 89' lang='grc' dir='ltr'><em>ΟΞ.</em></span> 
     </span>
    </p>

    <p class='ocr_par' dir='ltr' id='par_1_7' title="bbox 247 1766 1955 1932">
     <span class='ocr_line' id='line_1_19' title="bbox 360 1766 1955 1841; baseline 0.001 -17"><span class='ocrx_word' id='word_1_163' title='bbox 360 1769 609 1839; x_wconf 79' lang='grc' dir='ltr'><em>γινέσθω</em></span> <span class='ocrx_word' id='word_1_164' title='bbox 649 1767 785 1841; x_wconf 78' lang='grc' dir='ltr'><em>γάρ,</em></span> <span class='ocrx_word' id='word_1_165' title='bbox 836 1766 910 1834; x_wconf 78' lang='grc' dir='ltr'><em>ὥς</em></span> <span class='ocrx_word' id='word_1_166' title='bbox 952 1768 986 1840; x_wconf 78' lang='grc' dir='ltr'><em>ἡ</em></span> <span class='ocrx_word' id='word_1_167' title='bbox 1032 1774 1140 1823; x_wconf 92' lang='grc' dir='ltr'><em>ΟΑ</em></span> <span class='ocrx_word' id='word_1_168' title='bbox 1178 1768 1317 1841; x_wconf 78' lang='grc' dir='ltr'><em>πρὸς</em></span> <span class='ocrx_word' id='word_1_169' title='bbox 1357 1775 1499 1839; x_wconf 90' lang='grc' dir='ltr'><em>ΑΝ,</em></span> <span class='ocrx_word' id='word_1_170' title='bbox 1549 1767 1725 1836; x_wconf 76' lang='grc' dir='ltr'><em>οὕτως</em></span> <span class='ocrx_word' id='word_1_171' title='bbox 1763 1767 1798 1841; x_wconf 82' lang='grc' dir='ltr'><em>ἡ</em></span> <span class='ocrx_word' id='word_1_172' title='bbox 1838 1770 1955 1833; x_wconf 86' lang='grc' dir='ltr'><em>ΝΞ</em></span> 
     </span>
     <span class='ocr_line' id='line_1_20' title="bbox 247 1856 1947 1932; baseline 0.001 -19"><span class='ocrx_word' id='word_1_173' title='bbox 247 1856 386 1929; x_wconf 78' lang='grc' dir='ltr'><em>πρὸς</em></span> <span class='ocrx_word' id='word_1_174' title='bbox 431 1862 655 1929; x_wconf 82' lang='grc' dir='ltr'><em>μείζονα</em></span> <span class='ocrx_word' id='word_1_175' title='bbox 704 1856 968 1928; x_wconf 79' lang='grc' dir='ltr'><em>δηλονότι</em></span> <span class='ocrx_word' id='word_1_176' title='bbox 1015 1866 1111 1929; x_wconf 79' lang='grc' dir='ltr'><em>τῆς</em></span> <span class='ocrx_word' id='word_1_177' title='bbox 1150 1860 1253 1920; x_wconf 90' lang='grc' dir='ltr'><em>ΞΟ</em></span> <span class='ocrx_word' id='word_1_178' title='bbox 1300 1856 1374 1923; x_wconf 82' lang='grc' dir='ltr'><em>ὡς</em></span> <span class='ocrx_word' id='word_1_179' title='bbox 1411 1856 1514 1928; x_wconf 76' lang='grc' dir='ltr'><em>τὴν</em></span> <span class='ocrx_word' id='word_1_180' title='bbox 1555 1860 1688 1921; x_wconf 91' lang='grc' dir='ltr'><em>ΞΠ·</em></span> <span class='ocrx_word' id='word_1_181' title='bbox 1734 1858 1797 1914; x_wconf 85' lang='grc' dir='ltr'><em>τὸ</em></span> <span class='ocrx_word' id='word_1_182' title='bbox 1838 1856 1947 1932; x_wconf 72' lang='grc' dir='ltr'><em>ἄρα</em></span> 
     </span>
    </p>

    <p class='ocr_par' dir='ltr' id='par_1_8' title="bbox 157 1943 1947 2107">
     <span class='ocr_line' id='line_1_21' title="bbox 157 1943 1947 2021; baseline 0.002 -22"><span class='ocrx_word' id='word_1_183' title='bbox 157 1960 216 1999; x_wconf 83' lang='lat'><em>20</em></span> <span class='ocrx_word' id='word_1_184' title='bbox 248 1943 357 2002; x_wconf 82' lang='grc' dir='ltr'><em>ὑπὸ</em></span> <span class='ocrx_word' id='word_1_185' title='bbox 395 1948 525 2016; x_wconf 87' lang='grc' dir='ltr'><em>ΞΝ,</em></span> <span class='ocrx_word' id='word_1_186' title='bbox 564 1951 684 2001; x_wconf 92' lang='grc' dir='ltr'><em>ΝΑ</em></span> <span class='ocrx_word' id='word_1_187' title='bbox 725 1952 849 2001; x_wconf 78' lang='grc' dir='ltr'><em>ἴσον</em></span> <span class='ocrx_word' id='word_1_188' title='bbox 893 1945 1007 2001; x_wconf 82' lang='grc' dir='ltr'><em>ἐστὶ</em></span> <span class='ocrx_word' id='word_1_189' title='bbox 1046 1949 1121 2021; x_wconf 79' lang='grc' dir='ltr'><em>τῷ</em></span> <span class='ocrx_word' id='word_1_190' title='bbox 1161 1944 1270 2002; x_wconf 83' lang='grc' dir='ltr'><em>ὑπὸ</em></span> <span class='ocrx_word' id='word_1_191' title='bbox 1313 1953 1441 2018; x_wconf 90' lang='grc' dir='ltr'><em>ΑΟ,</em></span> <span class='ocrx_word' id='word_1_192' title='bbox 1481 1948 1615 2010; x_wconf 92' lang='grc' dir='ltr'><em>ΞΠ·</em></span> <span class='ocrx_word' id='word_1_193' title='bbox 1658 1944 1797 2003; x_wconf 77' lang='grc' dir='ltr'><em>ὥστε</em></span> <span class='ocrx_word' id='word_1_194' title='bbox 1837 1957 1947 2019; x_wconf 83' lang='grc' dir='ltr'><em>μεῖ·</em></span> 
     </span>
     <span class='ocr_line' id='line_1_22' title="bbox 251 2033 1702 2107; baseline 0.001 -16"><span class='ocrx_word' id='word_1_195' title='bbox 251 2035 346 2102; x_wconf 84' lang='grc' dir='ltr'><em>ζόν</em></span> <span class='ocrx_word' id='word_1_196' title='bbox 390 2037 503 2091; x_wconf 79' lang='grc' dir='ltr'><em>ἐστι</em></span> <span class='ocrx_word' id='word_1_197' title='bbox 541 2033 604 2090; x_wconf 83' lang='grc' dir='ltr'><em>τὸ</em></span> <span class='ocrx_word' id='word_1_198' title='bbox 645 2033 755 2090; x_wconf 82' lang='grc' dir='ltr'><em>ὑπὸ</em></span> <span class='ocrx_word' id='word_1_199' title='bbox 790 2036 919 2105; x_wconf 89' lang='grc' dir='ltr'><em>ΞΝ,</em></span> <span class='ocrx_word' id='word_1_200' title='bbox 961 2040 1079 2090; x_wconf 93' lang='lat' dir='ltr'><em>NA</em></span> <span class='ocrx_word' id='word_1_201' title='bbox 1124 2038 1227 2090; x_wconf 84' lang='grc' dir='ltr'><em>τοῦ</em></span> <span class='ocrx_word' id='word_1_202' title='bbox 1266 2033 1377 2091; x_wconf 80' lang='grc' dir='ltr'><em>ὑπὸ</em></span> <span class='ocrx_word' id='word_1_203' title='bbox 1416 2042 1544 2107; x_wconf 91' lang='grc' dir='ltr'><em>ΑΟ,</em></span> <span class='ocrx_word' id='word_1_204' title='bbox 1588 2038 1702 2100; x_wconf 89' lang='grc' dir='ltr'><em>ΟΞ.</em></span> 
     </span>
    </p>
   </div>
   <div class='ocr_carea' id='block_1_3' title="bbox 252 2195 1947 2463">
    <p class='ocr_par' dir='ltr' id='par_1_9' title="bbox 252 2195 1947 2463">
     <span class='ocr_line' id='line_1_23' title="bbox 893 2195 1310 2263; baseline 0.002 -10"><span class='ocrx_word' id='word_1_205' title='bbox 893 2201 989 2263; x_wconf 78' lang='grc' dir='ltr'><em>εἰς</em></span> <span class='ocrx_word' id='word_1_206' title='bbox 1025 2195 1095 2254; x_wconf 86' lang='grc' dir='ltr'><em>τὸ</em></span> <span class='ocrx_word' id='word_1_207' title='bbox 1136 2196 1310 2254; x_wconf 81' lang='grc' dir='ltr'><strong>αὐτό.</strong></span> 
     </span>
     <span class='ocr_line' id='line_1_24' title="bbox 362 2298 1947 2373; baseline 0.001 -16"><span class='ocrx_word' id='word_1_208' title='bbox 362 2300 498 2357; x_wconf 79' lang='grc' dir='ltr'><strong><em>ἀλλ’</em></strong></span> <span class='ocrx_word' id='word_1_209' title='bbox 559 2298 642 2367; x_wconf 77' lang='grc' dir='ltr'><em>ὡς</em></span> <span class='ocrx_word' id='word_1_210' title='bbox 688 2300 805 2373; x_wconf 73' lang='grc' dir='ltr'><em>μὲν</em></span> <span class='ocrx_word' id='word_1_211' title='bbox 851 2301 923 2357; x_wconf 86' lang='grc' dir='ltr'><em>τὸ</em></span> <span class='ocrx_word' id='word_1_212' title='bbox 973 2299 1096 2357; x_wconf 83' lang='grc' dir='ltr'><em>ὑπὸ</em></span> <span class='ocrx_word' id='word_1_213' title='bbox 1149 2306 1284 2372; x_wconf 89' lang='grc' dir='ltr'><em>ΒΚ,</em></span> <span class='ocrx_word' id='word_1_214' title='bbox 1330 2308 1457 2357; x_wconf 92' lang='grc' dir='ltr'><em>ΑΝ</em></span> <span class='ocrx_word' id='word_1_215' title='bbox 1495 2300 1656 2373; x_wconf 75' lang='grc' dir='ltr'><strong><em>πρὸς</em></strong></span> <span class='ocrx_word' id='word_1_216' title='bbox 1701 2301 1771 2358; x_wconf 82' lang='grc' dir='ltr'><em>τὸ</em></span> <span class='ocrx_word' id='word_1_217' title='bbox 1821 2300 1947 2358; x_wconf 79' lang='grc' dir='ltr'><em>ἀπὸ</em></span> 
     </span>
     <span class='ocr_line' id='line_1_25' title="bbox 252 2383 1945 2463; baseline 0 -17"><span class='ocrx_word' id='word_1_218' title='bbox 252 2395 379 2460; x_wconf 88' lang='grc' dir='ltr'><em>ΓΕ,</em></span> <span class='ocrx_word' id='word_1_219' title='bbox 419 2391 488 2446; x_wconf 86' lang='grc' dir='ltr'><em>τὸ</em></span> <span class='ocrx_word' id='word_1_220' title='bbox 532 2387 655 2446; x_wconf 86' lang='grc' dir='ltr'><em>ὑπὸ</em></span> <span class='ocrx_word' id='word_1_221' title='bbox 691 2395 864 2445; x_wconf 89' lang='grc' dir='ltr'><em>ΒΔΑ</em></span> <span class='ocrx_word' id='word_1_222' title='bbox 901 2388 1062 2463; x_wconf 75' lang='grc' dir='ltr'><em>πρὸς</em></span> <span class='ocrx_word' id='word_1_223' title='bbox 1099 2389 1169 2446; x_wconf 89' lang='grc' dir='ltr'><em>τὸ</em></span> <span class='ocrx_word' id='word_1_224' title='bbox 1212 2388 1332 2446; x_wconf 84' lang='grc' dir='ltr'><em>ἀπὸ</em></span> <span class='ocrx_word' id='word_1_225' title='bbox 1365 2395 1501 2461; x_wconf 89' lang='grc' dir='ltr'><em>ΕΔ]</em></span> <span class='ocrx_word' id='word_1_226' title='bbox 1551 2391 1667 2447; x_wconf 84' lang='grc' dir='ltr'><strong><em>ἐπεὶ</em></strong></span> <span class='ocrx_word' id='word_1_227' title='bbox 1707 2383 1812 2447; x_wconf 83' lang='grc' dir='ltr'><em>οὖν</em></span> <span class='ocrx_word' id='word_1_228' title='bbox 1852 2389 1945 2446; x_wconf 74' lang='grc' dir='ltr'><em>διὰ</em></span> 
     </span>
    </p>
   </div>
   <div class='ocr_carea' id='block_1_4' title="bbox 248 2498 380 2504">
    <p class='ocr_par' dir='ltr' id='par_1_10' title="bbox 248 2498 380 2504">
     <span class='ocr_line' id='line_1_26' title="bbox 248 2498 380 2504; baseline 0 0"><span class='ocrx_word' id='word_1_229' title='bbox 248 2498 380 2504; x_wconf 95' lang='lat' dir='ltr'><em> </em></span> 
     </span>
    </p>
   </div>
   <div class='ocr_carea' id='block_1_5' title="bbox 383 2498 548 2502">
    <p class='ocr_par' dir='ltr' id='par_1_11' title="bbox 383 2498 548 2502">
     <span class='ocr_line' id='line_1_27' title="bbox 383 2498 548 2502; baseline 0 0"><span class='ocrx_word' id='word_1_230' title='bbox 383 2498 548 2502; x_wconf 95' lang='lat' dir='ltr'><em> </em></span> 
     </span>
    </p>
   </div>
   <div class='ocr_carea' id='block_1_6' title="bbox 253 2549 1948 2759">
    <p class='ocr_par' dir='ltr' id='par_1_12' title="bbox 253 2549 1948 2759">
     <span class='ocr_line' id='line_1_28' title="bbox 372 2549 1946 2612; baseline 0.001 -14"><span class='ocrx_word' id='word_1_231' title='bbox 372 2559 412 2598; x_wconf 83' lang='grc'><em>2.</em></span> <span class='ocrx_word' id='word_1_232' title='bbox 448 2550 567 2597; x_wconf 83' lang='grc' dir='ltr'><em>εἰσιν</em></span> <span class='ocrx_word' id='word_1_233' title='bbox 591 2552 666 2597; x_wconf 89' lang='lat' dir='ltr'><em>W.</em></span> <span class='ocrx_word' id='word_1_234' title='bbox 779 2549 1011 2611; x_wconf 79' lang='grc' dir='ltr'><em>ἐσωτέρω]</em></span> <span class='ocrx_word' id='word_1_235' title='bbox 1044 2568 1088 2610; x_wconf 88' lang='lat' dir='ltr'><em>p,</em></span> <span class='ocrx_word' id='word_1_236' title='bbox 1125 2550 1353 2609; x_wconf 74' lang='grc' dir='ltr'><em>ἔσωτέρου</em></span> <span class='ocrx_word' id='word_1_237' title='bbox 1379 2553 1452 2599; x_wconf 92' lang='lat' dir='ltr'><em>W.</em></span> <span class='ocrx_word' id='word_1_238' title='bbox 1563 2557 1603 2599; x_wconf 85' lang='grc' dir='ltr'><em>ὅ.</em></span> <span class='ocrx_word' id='word_1_239' title='bbox 1635 2550 1745 2612; x_wconf 78' lang='grc' dir='ltr'>δύο]</span> <span class='ocrx_word' id='word_1_240' title='bbox 1772 2554 1884 2598; x_wconf 81' lang='grc' dir='ltr'><em>δυσί</em></span> <span class='ocrx_word' id='word_1_241' title='bbox 1900 2569 1946 2611; x_wconf 86' lang='lat' dir='ltr'><em>p.</em></span> 
     </span>
     <span class='ocr_line' id='line_1_29' title="bbox 312 2610 1948 2694; baseline 0.001 -22"><span class='ocrx_word' id='word_1_242' title='bbox 312 2631 441 2672; x_wconf 82' lang='grc'><strong>6-8.</strong></span> <span class='ocrx_word' id='word_1_243' title='bbox 477 2610 518 2694; x_wconf 57' lang='grc' dir='ltr'><em>ζ</em></span> <span class='ocrx_word' id='word_1_244' title='bbox 549 2642 643 2684; x_wconf 86' lang='lat' dir='ltr'><em>mg.</em></span> <span class='ocrx_word' id='word_1_245' title='bbox 660 2627 735 2671; x_wconf 91' lang='lat' dir='ltr'><em>W.</em></span> <span class='ocrx_word' id='word_1_246' title='bbox 830 2632 869 2671; x_wconf 90' lang='grc'><em>6.</em></span> <span class='ocrx_word' id='word_1_247' title='bbox 903 2626 978 2685; x_wconf 86' lang='grc' dir='ltr'><em>τό]</em></span> <span class='ocrx_word' id='word_1_248' title='bbox 1011 2631 1094 2671; x_wconf 84' lang='grc' dir='ltr'><em>τοῦ</em></span> <span class='ocrx_word' id='word_1_249' title='bbox 1122 2627 1197 2684; x_wconf 91' lang='lat' dir='ltr'><em>W,</em></span> <span class='ocrx_word' id='word_1_250' title='bbox 1228 2643 1254 2671; x_wconf 85' lang='grc' dir='ltr'><strong>τ</strong></span> <span class='ocrx_word' id='word_1_251' title='bbox 1276 2642 1329 2684; x_wconf 87' lang='lat' dir='ltr'><em>p,</em></span> <span class='ocrx_word' id='word_1_252' title='bbox 1362 2641 1478 2672; x_wconf 84' lang='lat' dir='ltr'>corr.</span> <span class='ocrx_word' id='word_1_253' title='bbox 1506 2626 1681 2672; x_wconf 87' lang='lat' dir='ltr'><strong>Comm.</strong></span> <span class='ocrx_word' id='word_1_254' title='bbox 1774 2628 1948 2684; x_wconf 85' lang='grc' dir='ltr'><em>ΑΝΞ]</em></span> 
     </span>
     <span class='ocr_line' id='line_1_30' title="bbox 253 2700 1946 2759; baseline -0.001 -13"><span class='ocrx_word' id='word_1_255' title='bbox 253 2701 452 2757; x_wconf 89' lang='lat' dir='ltr'><strong>Comm.‚</strong></span> <span class='ocrx_word' id='word_1_256' title='bbox 486 2702 633 2748; x_wconf 83' lang='grc' dir='ltr'><em>ΑΗΞ</em></span> <span class='ocrx_word' id='word_1_257' title='bbox 663 2700 777 2756; x_wconf 90' lang='lat' dir='ltr'><em>Wp.</em></span> <span class='ocrx_word' id='word_1_258' title='bbox 930 2702 1036 2759; x_wconf 81' lang='grc' dir='ltr'><strong>τοῦ]</strong></span> <span class='ocrx_word' id='word_1_259' title='bbox 1070 2718 1094 2745; x_wconf 84' lang='grc' dir='ltr'><strong>τ</strong></span> <span class='ocrx_word' id='word_1_260' title='bbox 1126 2715 1218 2757; x_wconf 82' lang='lat' dir='ltr'><strong>seq.</strong></span> <span class='ocrx_word' id='word_1_261' title='bbox 1251 2702 1335 2745; x_wconf 88' lang='lat' dir='ltr'>lac.</span> <span class='ocrx_word' id='word_1_262' title='bbox 1371 2706 1396 2744; x_wconf 81' lang='lat'><strong>2</strong></span> <span class='ocrx_word' id='word_1_263' title='bbox 1430 2701 1522 2745; x_wconf 73' lang='lat' dir='ltr'><strong>litt.</strong></span> <span class='ocrx_word' id='word_1_264' title='bbox 1556 2717 1601 2758; x_wconf 86' lang='lat' dir='ltr'><em>p.</em></span> <span class='ocrx_word' id='word_1_265' title='bbox 1754 2705 1794 2746; x_wconf 89' lang='lat'><em>8.</em></span> <span class='ocrx_word' id='word_1_266' title='bbox 1831 2701 1946 2759; x_wconf 78' lang='grc' dir='ltr'><em>ΘΑ]</em></span> 
     </span>
    </p>
   </div>
   <div class='ocr_carea' id='block_1_7' title="bbox 251 2756 2046 2878">
    <p class='ocr_par' dir='ltr' id='par_1_13' title="bbox 251 2756 2046 2878">
     <span class='ocr_line' id='line_1_31' title="bbox 251 2756 2046 2817; baseline -0.001 -13"><span class='ocrx_word' id='word_1_267' title='bbox 251 2774 368 2807; x_wconf 86' lang='lat' dir='ltr'><strong>corr.</strong></span> <span class='ocrx_word' id='word_1_268' title='bbox 403 2775 460 2806; x_wconf 83' lang='lat' dir='ltr'><em>ex</em></span> <span class='ocrx_word' id='word_1_269' title='bbox 495 2762 579 2804; x_wconf 86' lang='grc' dir='ltr'><em>ΘΑ</em></span> <span class='ocrx_word' id='word_1_270' title='bbox 612 2759 686 2805; x_wconf 90' lang='lat' dir='ltr'><em>W.</em></span> <span class='ocrx_word' id='word_1_271' title='bbox 809 2757 882 2817; x_wconf 86' lang='grc' dir='ltr'><em>τό]</em></span> <span class='ocrx_word' id='word_1_272' title='bbox 917 2761 999 2803; x_wconf 81' lang='grc' dir='ltr'><em>τοῦ</em></span> <span class='ocrx_word' id='word_1_273' title='bbox 1034 2760 1157 2817; x_wconf 88' lang='lat' dir='ltr'><em>Wp,</em></span> <span class='ocrx_word' id='word_1_274' title='bbox 1190 2773 1305 2805; x_wconf 84' lang='lat' dir='ltr'>corr.</span> <span class='ocrx_word' id='word_1_275' title='bbox 1341 2760 1517 2805; x_wconf 89' lang='lat' dir='ltr'><strong>Comm.</strong></span> <span class='ocrx_word' id='word_1_276' title='bbox 1639 2765 1678 2804; x_wconf 86' lang='lat'><em>9.</em></span> <span class='ocrx_word' id='word_1_277' title='bbox 1714 2756 1840 2804; x_wconf 81' lang='grc' dir='ltr'><em>ἔστιν</em></span> <span class='ocrx_word' id='word_1_278' title='bbox 1872 2759 1946 2803; x_wconf 88' lang='lat' dir='ltr'><em>W.</em></span> <span class='ocrx_word' id='word_1_279' title='bbox 2041 2757 2046 2815; x_wconf 61' lang='grc' dir='ltr'><strong>ἦ</strong></span> 
     </span>
     <span class='ocr_line' id='line_1_32' title="bbox 312 2814 2046 2878; baseline 0.001 -15"><span class='ocrx_word' id='word_1_280' title='bbox 312 2820 416 2878; x_wconf 85' lang='grc' dir='ltr'><strong>τοῦ]</strong></span> <span class='ocrx_word' id='word_1_281' title='bbox 443 2836 469 2863; x_wconf 86' lang='grc' dir='ltr'>τ</span> <span class='ocrx_word' id='word_1_282' title='bbox 493 2833 588 2874; x_wconf 85' lang='lat' dir='ltr'>seq.</span> <span class='ocrx_word' id='word_1_283' title='bbox 614 2819 701 2866; x_wconf 83' lang='lat' dir='ltr'>lac.</span> <span class='ocrx_word' id='word_1_284' title='bbox 726 2833 770 2875; x_wconf 90' lang='lat' dir='ltr'><em>p.</em></span> <span class='ocrx_word' id='word_1_285' title='bbox 859 2823 926 2863; x_wconf 83' lang='lat'><em>12.</em></span> <span class='ocrx_word' id='word_1_286' title='bbox 963 2819 1082 2877; x_wconf 84' lang='grc' dir='ltr'><em>ΞΟ]</em></span> <span class='ocrx_word' id='word_1_287' title='bbox 1115 2833 1228 2864; x_wconf 89' lang='lat' dir='ltr'>corr.</span> <span class='ocrx_word' id='word_1_288' title='bbox 1255 2833 1310 2863; x_wconf 83' lang='lat' dir='ltr'><em>ex</em></span> <span class='ocrx_word' id='word_1_289' title='bbox 1335 2819 1427 2866; x_wconf 81' lang='grc' dir='ltr'><em>ΞΘ</em></span> <span class='ocrx_word' id='word_1_290' title='bbox 1452 2819 1526 2864; x_wconf 92' lang='lat' dir='ltr'><em>W.</em></span> <span class='ocrx_word' id='word_1_291' title='bbox 1614 2822 1682 2863; x_wconf 89' lang='lat'><em>13.</em></span> <span class='ocrx_word' id='word_1_292' title='bbox 1715 2814 1831 2876; x_wconf 72' lang='grc' dir='ltr'><strong>ἄρα]</strong></span> <span class='ocrx_word' id='word_1_293' title='bbox 1857 2833 1948 2863; x_wconf 89' lang='lat' dir='ltr'><em>om.</em></span> <span class='ocrx_word' id='word_1_294' title='bbox 2040 2832 2046 2864; x_wconf 75' lang='grc' dir='ltr'>ε</span> 
     </span>
    </p>
   </div>
   <div class='ocr_carea' id='block_1_8' title="bbox 249 2874 1944 2996">
    <p class='ocr_par' dir='ltr' id='par_1_14' title="bbox 249 2874 1944 2996">
     <span class='ocr_line' id='line_1_33' title="bbox 249 2874 1944 2936; baseline 0.001 -15"><span class='ocrx_word' id='word_1_295' title='bbox 249 2877 368 2934; x_wconf 89' lang='lat' dir='ltr'><em>Wp,</em></span> <span class='ocrx_word' id='word_1_296' title='bbox 402 2893 517 2923; x_wconf 88' lang='lat' dir='ltr'><strong>corr.</strong></span> <span class='ocrx_word' id='word_1_297' title='bbox 553 2876 728 2923; x_wconf 86' lang='lat' dir='ltr'><strong>Comm.</strong></span> <span class='ocrx_word' id='word_1_298' title='bbox 853 2881 921 2921; x_wconf 84' lang='lat'><em>14.</em></span> <span class='ocrx_word' id='word_1_299' title='bbox 958 2874 1206 2936; x_wconf 78' lang='grc' dir='ltr'><em>ἐλάττονα]</em></span> <span class='ocrx_word' id='word_1_300' title='bbox 1242 2879 1433 2935; x_wconf 80' lang='grc' dir='ltr'><em>μείζονα</em></span> <span class='ocrx_word' id='word_1_301' title='bbox 1463 2877 1585 2935; x_wconf 88' lang='lat' dir='ltr'><em>Wp,</em></span> <span class='ocrx_word' id='word_1_302' title='bbox 1619 2891 1735 2922; x_wconf 83' lang='lat' dir='ltr'>corr.</span> <span class='ocrx_word' id='word_1_303' title='bbox 1769 2877 1944 2922; x_wconf 89' lang='lat' dir='ltr'>Comm.</span> 
     </span>
     <span class='ocr_line' id='line_1_34' title="bbox 314 2932 1944 2996; baseline 0.001 -17"><span class='ocrx_word' id='word_1_304' title='bbox 314 2943 382 2982; x_wconf 85' lang='lat'><em>15.</em></span> <span class='ocrx_word' id='word_1_305' title='bbox 418 2935 499 2996; x_wconf 84' lang='grc' dir='ltr'><em>δή]</em></span> <span class='ocrx_word' id='word_1_306' title='bbox 526 2951 551 2982; x_wconf 86' lang='lat' dir='ltr'>e</span> <span class='ocrx_word' id='word_1_307' title='bbox 577 2951 691 2983; x_wconf 84' lang='lat' dir='ltr'><strong>corr.</strong></span> <span class='ocrx_word' id='word_1_308' title='bbox 717 2951 762 2994; x_wconf 87' lang='lat' dir='ltr'><em>p.</em></span> <span class='ocrx_word' id='word_1_309' title='bbox 859 2942 928 2982; x_wconf 88' lang='lat'><em>16.</em></span> <span class='ocrx_word' id='word_1_310' title='bbox 957 2935 1060 2995; x_wconf 73' lang='grc' dir='ltr'><strong><em>ἔχῃ]</em></strong></span> <span class='ocrx_word' id='word_1_311' title='bbox 1085 2937 1269 2995; x_wconf 81' lang='lat' dir='ltr'>Halley,</span> <span class='ocrx_word' id='word_1_312' title='bbox 1296 2935 1392 2995; x_wconf 76' lang='grc' dir='ltr'><em>ἔχει</em></span> <span class='ocrx_word' id='word_1_313' title='bbox 1419 2937 1531 2994; x_wconf 86' lang='lat' dir='ltr'><em>Wp.</em></span> <span class='ocrx_word' id='word_1_314' title='bbox 1627 2941 1696 2982; x_wconf 86' lang='grc'><em>17.</em></span> <span class='ocrx_word' id='word_1_315' title='bbox 1723 2932 1847 2982; x_wconf 75' lang='grc' dir='ltr'><em>ἐστιν</em></span> <span class='ocrx_word' id='word_1_316' title='bbox 1870 2937 1944 2982; x_wconf 90' lang='lat' dir='ltr'><em>W.</em></span> 
     </span>
    </p>
   </div>
   <div class='ocr_carea' id='block_1_9' title="bbox 1047 3176 1077 3202">
    <p class='ocr_par' dir='ltr' id='par_1_15' title="bbox 1047 3176 1077 3202">
     <span class='ocr_line' id='line_1_35' title="bbox 1047 3176 1077 3202; baseline 0 0"><span class='ocrx_word' id='word_1_317' title='bbox 1047 3176 1077 3202; x_wconf 58' lang='lat' dir='ltr'><strong>X</strong></span> 
     </span>
    </p>
   </div>
  </div>
 </body>
</html>
