2046 3256
413 152 663 195 EUTocn
695 151 1131 194 COMMENTARIA
1162 152 1227 192 IN
1259 150 1494 194 coch.
1677 147 1785 200 219

211 273 291 326 Et
330 275 428 325 est

243 358 416 414 31⁷2:
442 363 552 411 ΒΑ
576 372 647 415 ><
673 362 873 412 Ar=
901 357 1065 425 (ΒΓ;
1092 357 1214 427 ΓΑ)
1240 371 1311 414 ><
1338 356 1498 429 (ΒΓ;
1523 357 1654 426 BA)

12 510 13 513 Ἴ
105 449 153 516 [I
207 469 255 519 p.
294 449 382 513 40,
417 450 643 516 8—10]:
698 449 754 500 in
807 448 1179 517 propositione
1234 445 1418 498 XXIII
1474 445 1610 498 sexti
1663 445 1790 497 libri

108 537 514 590 Elementorum
593 536 1021 589 demonstratum
1092 538 1204 604 est,
1280 534 1789 603 parallelogramma

109 625 471 695 aequiangula
516 626 658 676 inter
706 641 761 676 se
808 623 1076 676 rationem
1117 641 1180 674 ex
1219 622 1517 674 rationibus
1557 622 1790 674 laterum

107 714 466 783 compositam
496 713 718 782 habere3
763 712 1019 781 quoniam
1052 714 1233 764 autem
1263 711 1367 763 hoc
1404 728 1496 778 per
1526 709 1790 762 inductio-

105 820 228 855 nem
287 802 463 872 magis
524 819 696 870 neque
760 800 891 853 satis
947 800 1133 852 stricte
1189 818 1220 852 a
1274 798 1791 852 commentatoribus

108 891 494 959 exponebatur,
545 908 644 942 nos
694 889 756 941 de
803 907 867 962 ea
911 906 968 940 re
1019 888 1382 956 quaesiuimus
1432 890 1484 938 et
1532 886 1793 954 scriptum

108 983 190 1030 est
228 980 286 1031 in
326 978 751 1044 commentariis,
800 995 934 1046 quae
976 976 1238 1029 edidimus
1281 976 1346 1028 ad
1387 978 1635 1044 quartam
1674 992 1791 1042 pro-

109 1067 434 1136 positionem
486 1067 614 1119 libri
669 1066 891 1118 alterius
944 1064 1283 1116 Archimedis
1339 1064 1402 1115 de
1459 1063 1688 1131 sphaera
1742 1065 1796 1113 et

109 1155 351 1223 cylindro
386 1154 747 1222 [Archimedis
789 1172 873 1222 op.
903 1152 989 1204 III
1029 1171 1076 1220 p.
1116 1153 1222 1205 140
1262 1153 1362 1221 sq.]
1404 1152 1545 1202 etin
1578 1150 1794 1203 scholiis

109 1244 269 1312 primi
301 1244 428 1295 libri
459 1242 867 1311 compositionis
901 1240 1221 1308 Ptolemaei3
1255 1258 1442 1292 uerum
1477 1240 1644 1291 satius
1679 1256 1794 1291 esse

114 1331 361 1383 duximus
401 1331 489 1383 hic
531 1347 740 1399 quoque
779 1330 921 1382 idem
959 1346 1238 1396 exponere,
1278 1327 1403 1396 quia
1434 1345 1544 1379 uon
1577 1327 1794 1379 omnino

111 1420 194 1489 iis,
234 1421 325 1489 qui
364 1419 498 1472 haec
537 1420 736 1487 legent,
775 1418 857 1470 illi
897 1435 1108 1486 quoque
1147 1417 1271 1468 libri
1303 1416 1370 1468 ad
1403 1433 1624 1467 manum
1657 1417 1797 1481 sunt,

111 1513 165 1560 et
204 1509 329 1577 quia
367 1510 543 1560 totum
582 1525 754 1575 paene
795 1523 929 1574 opus
970 1505 1278 1558 conicorum
1318 1522 1379 1557 eo
1419 1504 1602 1556 utitur.

221 1597 360 1649 ratio
420 1613 483 1647 ex
537 1594 840 1647 rationibus
869 1589 872 1593 ’
897 1592 1199 1662 composita
1253 1610 1370 1644 esse
1429 1591 1644 1659 dicitur,
1705 1589 1799 1642 ubi

113 1684 382 1738 rationum
430 1682 949 1751 quantitates'inter
997 1699 1054 1734 se
1103 1679 1491 1749 multiplicatae
1532 1679 1797 1731 rationem

115 1772 380 1842 quandam
413 1770 671 1834 efficiunt,
705 1770 983 1838 quantitas
1018 1773 1198 1822 autem
1230 1769 1276 1820 is
1311 1768 1503 1821 dicitur
1532 1785 1798 1833 numeruS‚

115 1879 146 1912 a
200 1879 304 1929 quo
359 1859 499 1910 ratio
556 1858 946 1911 denominatur.
1035 1858 1091 1908 in
1146 1856 1410 1924 multiplis
1464 1856 1632 1925 igitur
1684 1855 1800 1906 fieri

115 1951 316 2017 potest,
377 1950 438 1998 ut
495 1947 770 2015 quantitas
827 1947 897 1998 sit
950 1948 1099 1999 totus
1156 1945 1349 2014 aliquis
1404 1961 1682 2011 numerUS‚
1743 1943 1800 1994 in

116 2036 338 2103 reliquis
369 2053 497 2087 uero
529 2035 829 2087 rationibus
862 2051 1078 2086 necesse
1104 2036 1201 2103 est,
1237 2032 1590 2101 quantitatem
1615 2049 1798 2083 nume-

117 2143 235 2177 rum
292 2141 407 2175 esse
462 2140 583 2175 cum
636 2125 791 2189 parte
845 2122 932 2174 uel
986 2121 1256 2190 partibus,
1310 2121 1417 2173 nisi
1472 2121 1590 2188 quis
1638 2119 1800 2171 etiam

118 2211 459 2264 irrationales
491 2210 731 2262 rationes
764 2226 882 2262 esse
914 2208 1181 2277 statuerit,
1215 2209 1401 2276 quales
1435 2211 1560 2260 sunt
1590 2208 1800 2276 magni-

121 2299 370 2352 tudinum
410 2298 819 2351 irrationalium.
889 2315 1075 2350 uerum
1115 2297 1172 2348 in
1213 2296 1459 2349 omnibus
1499 2294 1799 2347 rationibus

122 2386 467 2440 manifestum
517 2390 620 2453 est,
666 2386 839 2453 ipsam
889 2385 1246 2454 quantitatem
1293 2385 1350 2435 in
1389 2383 1678 2436 terminum
1721 2400 1801 2435 se-

126 2478 377 2544 quentem
459 2472 824 2541 proportionis
902 2472 1316 2539 multiplicatam
1392 2471 1800 2540 praecedentem

124 2563 345 2615 efficere.

236 2650 308 2701 sit
366 2649 534 2718 igitur
594 2648 872 2716 proportio
927 2652 1020 2698 A:
1056 2650 1124 2713 B,
1189 2650 1244 2699 et
1299 2650 1541 2699 sumatur
1597 2646 1801 2698 medius

129 2830 384 2882 γραφεῑναι
419 2823 487 2868 W.
585 2827 769 2868 16-17.
806 2789 847 2914 ἓ
881 2837 972 2878 mg.
1004 2821 1077 2866 W.
1174 2827 1240 2865 17.
1273 2822 1704 2864 πολλαπλασθεῖσαι
1727 2818 1803 2864 W.

186 2926 371 2984 ποιῶσι]
406 2941 460 2982 p,
493 2939 605 2969 ωσιν
636 2926 745 2982 post
773 2938 862 2968 rae.
898 2930 922 2968 3
957 2924 1050 2970 litt.
1082 2924 1154 2968 W.
1285 2926 1355 2967 21.
1388 2917 1494 2978 τήν]
1530 2935 1574 2977 p,
1609 2935 1696 2965 om.
1729 2921 1803 2965 W.
