2046 3256
130 1067 186 1107 10

131 1512 184 1552 15

131 1958 188 1998 20

132 2401 189 2442 25

218 132 324 186 188
687 136 1127 182 COMMENTARIA
1156 136 1440 188 ANTIQUA.

215 274 353 323 τρον
398 255 459 307 τὸ
502 257 571 322 Γ,
619 254 711 309 καὶ
761 254 994 326 σημεῖόν
1033 277 1084 310 τι
1124 253 1403 326 μετέωρον
1442 256 1504 309 τὸ
1545 259 1625 323 Δ,
1670 252 1764 308 καὶ
1805 253 1917 308 ἐπι-

218 346 508 412 ζευχθεῖσα
546 339 580 412 ἡ
625 348 735 397 ΛΒ
777 344 1134 415 ἐκβεβλήσθω
1176 346 1254 407 εἰς
1294 340 1526 414 ἄπειρον
1560 340 1648 413 ἐφ’
1685 340 1916 414 ἑκάτερα

216 431 354 501 μέρη
396 427 470 497 ὡς
510 430 597 486 ἐπὶ
635 430 702 486 τὰ
742 438 808 503 Ε,
843 439 902 489 Ζ.
965 432 1064 489 ἐὰν
1106 430 1175 503 δὴ
1215 431 1485 503 μένοντος
1514 434 1617 487 τοῦ
1647 437 1703 486 Δ
1734 428 1768 502 ἡ
1804 436 1915 487 ΔΒ

217 520 479 590 φέρηται,
538 520 639 584 ἕως
693 516 766 576 ἂν
820 524 882 577 τὸ
930 527 977 576 Β
1034 519 1265 593 ἐνεχθὲν
1320 520 1457 576 κατὰ
1510 527 1608 590 τῆς
1660 523 1764 576 τοῦ
1810 525 1917 575 AB

216 606 427 664 κύκλου
465 614 820 679 περιφερείας
860 610 948 666 ἐπὶ
986 609 1050 665 τὸ
1092 607 1229 665 αὐτὸ
1262 607 1432 664 πάλιν
1465 604 1916 682 ἀποκατασταθῇ,

218 694 358 752 ὅθεν
419 696 623 769 ἤρξατο
689 699 999 771 φέρεσθαι,
1061 698 1322 770 γεννήσει
1386 696 1718 770 ἐπιφάνειάν
1770 720 1917 768 τινα,

216 783 336 856 ἥτις
391 786 674 857 σύγκειται
722 790 781 843 ἐκ
831 787 936 844 δύο
988 790 1328 859 ἐπιφανειῶν
1375 786 1704 858 ἁπτομένων
1751 786 1919 859 ἀλλή-

216 881 332 931 λων
379 876 517 932 κατὰ
565 881 627 934 τὸ
676 884 755 947 Α,
810 874 882 948 ἣν
937 877 1029 932 καὶ
1076 883 1236 932 καλεῖ
1276 874 1526 947 κωνικὴν
1573 875 1919 948 ἐπιφάνειαν.

217 965 357 1036 φησὶ
398 966 484 1037 δέ,
533 967 617 1022 ’ὅτι
665 967 757 1021 καὶ
798 970 876 1032 εἰς
915 967 1149 1039 ἄπειρον
1189 965 1411 1033 αὔξεται
1453 963 1545 1020 διὰ
1584 968 1647 1020 τὸ
1686 964 1779 1020 καὶ
1816 963 1920 1036 τὴν

217 1053 557 1126 γράφουσαν
602 1053 780 1127 αὐτὴν
828 1053 1060 1111 εὐθεῖαν
1110 1050 1234 1111 οἷον
1273 1055 1377 1126 τὴν
1416 1061 1527 1109 ΔΒ
1570 1058 1649 1120 εἰς
1687 1052 1920 1125 ἄπειρον

219 1142 604 1213 ἐκβάλλεσθαι.
666 1143 925 1216 κορυφὴν
968 1143 1029 1199 δὲ
1067 1148 1166 1215 τῆς
1206 1146 1531 1216 ἐπιφανείας
1567 1144 1714 1215 λέγει
1751 1146 1814 1199 τὸ
1847 1149 1919 1214 Δ,

218 1229 392 1299 ἄξονα
433 1232 496 1288 δὲ
534 1235 638 1304 τὴν
678 1239 805 1290 ΛΓ.

333 1325 520 1378 κῶνον
563 1322 625 1378 δὲ
663 1325 811 1394 λέγει
843 1325 905 1378 τὸ
937 1322 1337 1394 περιεχόμενον
1376 1324 1558 1394 σχῆμα
1589 1317 1701 1376 ὑπό
1730 1343 1789 1377 τε
1819 1322 1923 1377 τοῦ

218 1416 328 1465 AB
375 1410 587 1466 κύκλου
635 1411 727 1466 καὶ
775 1414 875 1482 τῆς
925 1413 1273 1483 ἐπιφανείας,
1321 1407 1392 1482 ἣν
1441 1410 1586 1482 μόνη
1633 1409 1839 1482 γράφει
1884 1406 1919 1480 ἡ

221 1505 331 1553 ΔΒ
372 1498 597 1570 εὐθεῖα,
640 1498 900 1573 κορυφὴν
941 1499 1003 1555 δὲ
1040 1503 1143 1556 τοῦ
1179 1501 1368 1555 κώνου
1405 1499 1468 1555 τὸ
1511 1508 1591 1571 Δ,
1640 1497 1815 1566 ἄξονα
1855 1497 1917 1553 δὲ

218 1586 321 1659 τὴν
359 1593 488 1658 ΔΓ,
528 1590 695 1659 βάσιν
737 1590 799 1645 δὲ
837 1593 936 1645 τὸν
976 1595 1084 1645 ΑΒ
1124 1588 1348 1644 κύκλον.

332 1678 424 1733 καὶ
473 1677 571 1734 ἐὰν
612 1678 714 1750 μὲν
757 1676 789 1750 ἡ
832 1684 949 1735 ΔΓ
980 1680 1122 1751 πρὸς
1162 1676 1340 1750 ὀρθὰς
1376 1671 1413 1751 ᾗ
1452 1681 1528 1751 τῷ
1570 1684 1678 1734 AB
1716 1677 1920 1753 κύκλῳ,

220 1765 403 1838 ὀρθὸν
443 1774 604 1823 καλεῖ
638 1771 737 1824 τὸν
775 1771 982 1838 κῶνον,
1023 1767 1123 1823 ἐὰν
1163 1767 1225 1823 δὲ
1264 1765 1337 1839 μὴ
1377 1771 1516 1841 πρὸς
1554 1765 1751 1838 ὀρθάς,
1791 1783 1920 1823 σκα-

220 1854 422 1927 ληνόν·
469 1856 763 1928 γενήσεται
809 1857 871 1913 δὲ
909 1860 1090 1922 κῶνος
1131 1855 1430 1928 σκαληνός,
1480 1854 1616 1912 ὅταν
1655 1855 1921 1928 λαβόντες

221 1944 431 2001 κύκλον
472 1944 578 2001 ἀπὸ
617 1950 720 2002 τοῦ
758 1947 994 2017 κέντρου
1033 1943 1209 2002 αὐτοῦ
1250 1944 1652 2017 ἀναστήσωμεν
1683 1943 1918 2000 εὐθεῖαν

219 2034 293 2105 μὴ
341 2039 479 2106 πρὸς
529 2033 709 2107 ὀρθὰς
746 2039 821 2111 τῷ
865 2036 1104 2110 ἐπιπέδῳ
1145 2038 1248 2091 τοῦ
1286 2034 1522 2106 κύκλου,
1569 2033 1676 2090 ἀπὸ
1717 2034 1779 2089 δὲ
1816 2036 1918 2089 τοῦ

218 2123 501 2197 μετεώρου
558 2129 792 2197 σημείου
844 2128 941 2196 τῆς
987 2124 1363 2195 ἀναταθείσης
1410 2122 1636 2189 εὐθείας
1686 2122 1774 2179 ἐπὶ
1819 2125 1918 2178 τὸν

218 2211 428 2269 κύκλον
483 2214 846 2285 ἐπιζεύξωμεν
904 2211 1136 2269 εὐθεῖαν
1189 2214 1282 2269 καὶ
1336 2211 1761 2286 περιαγάγωμεν
1815 2209 1918 2282 τὴν

221 2302 642 2373 ἐπιζευχθεῖσαν
689 2301 922 2358 εὐθεῖαν
970 2302 1095 2374 περὶ
1141 2305 1241 2357 τὸν
1280 2301 1489 2357 κύκλον
1527 2304 1629 2356 τοῦ
1667 2303 1806 2371 πρὸς
1842 2303 1918 2375 τῷ

222 2389 477 2465 μετεώρῳ
533 2396 740 2465 σημείῳ
795 2394 892 2461 τῆς
940 2390 1316 2462 ἀναταθείσης
1362 2392 1651 2462 μένοντος·
1701 2392 1763 2446 τὸ
1811 2387 1917 2461 γὰρ

221 2478 591 2550 προσληφθὲν
633 2483 813 2550 σχῆμα
853 2483 1035 2545 κῶνος
1073 2484 1225 2535 ἔσται
1264 2478 1555 2551 σκαληνός.

341 2647 381 2688 2.
416 2640 501 2700 εἰς]
536 2638 612 2687 ἐπ’
640 2657 685 2699 p.
839 2648 880 2687 3.
915 2639 996 2701 δή]
1030 2641 1083 2687 δέ
1115 2642 1231 2700 Wp‚
1265 2655 1379 2687 corr.
1414 2643 1590 2687 Comm.
1733 2641 1841 2699 AB]
1875 2645 1917 2684 Δ

222 2716 247 2747 e
281 2716 394 2746 corr.
421 2717 480 2746 m.
510 2708 531 2745 1
559 2701 633 2745 W.
743 2706 782 2746 5.
817 2697 1220 2746 ἄποκατασταθεῖ
1241 2701 1315 2746 W.
1426 2706 1466 2745 9.
1500 2701 1643 2758 φησίν
1667 2699 1741 2746 W.
1847 2703 1914 2744 10.

223 2762 330 2819 ΔΒ]
364 2776 417 2818 p,
458 2765 540 2805 AB
574 2760 649 2805 W.
789 2764 856 2804 15.
898 2758 1093 2820 εὐθεῖα]
1134 2774 1224 2805 om.
1255 2775 1302 2817 p.
1439 2757 1492 2804 τὸ
1525 2765 1568 2804 Δ
1598 2757 1709 2813 ἄξο-
1746 2759 1794 2802 in
1825 2771 1916 2802 ras.

222 2835 282 2865 m.
320 2826 342 2864 1
377 2820 451 2865 W.
596 2825 666 2866 22.
700 2816 1050 2877 ἀνασταθείσης
1082 2820 1246 2876 Halley
1279 2821 1333 2863 ut
1362 2818 1443 2864 lin.
1478 2824 1547 2864 25.
1699 2823 1771 2862 26.
1804 2833 1917 2873 προ-

222 2878 411 2936 ληφθέν
450 2879 573 2937 Wp‚
622 2893 737 2924 corr.
777 2894 879 2935 vw3
925 2880 1031 2924 fort.
1065 2878 1377 2937 περιληφθέν.
1551 2878 1602 2922 In
1643 2877 1719 2934 fig.
1751 2881 1792 2921 Λ
1830 2889 1918 2933 pro

222 2943 258 2982 A
290 2939 367 2994 W,
396 2952 512 2984 corr.
545 2953 605 2983 m.
631 2944 672 2982 2.
