2020 3236
259 139 370 192 300
733 141 1174 184 COMMENTARIA
1204 140 1487 193 ANTIQUA.

259 263 652 330 συμπίπτουσα
699 267 764 331 τῇ
814 262 922 313 ΓΑ
970 261 1264 329 συμπίπτει
1309 257 1402 312 καὶ
1447 266 1513 330 τῇ
1561 266 1729 332 τομῇ,
1784 255 1963 323 οὕτως

260 349 556 402 δείκνυται.

374 493 537 506 ......
561 450 654 505 καὶ
686 447 720 521 ἡ
749 455 858 505 ΖΕ
883 450 1215 519 ἐφαπτέσθω
1248 459 1348 521 τῆς
1379 459 1551 522 τομῆς
1576 447 1713 507 κατὰ
1737 453 1800 506 τὸ
1827 455 1893 520 Ε,
1926 447 1961 521 ἡ

262 539 324 594 δὲ
371 540 690 611 σύμπτωσις
734 542 801 612 τῇ
848 544 957 595 ΓΑ
1004 536 1290 612 ἀνώτερον
1338 542 1404 611 τῇ
1456 544 1581 595 ZH.
1658 539 1828 610 λέγω,
1876 536 1960 594 ὅτι

201 642 227 682 5
261 630 595 699 ἐκβληθεῖσα
635 639 993 700 συμπεσεῖται
1031 632 1097 700 τῇ
1136 637 1293 702 τομῇ.

375 731 534 804 ’ἤχθω
585 731 692 803 γὰρ
750 731 843 787 διὰ
890 735 987 804 τῆς
1040 738 1093 787 Ε
1135 729 1284 803 ἁφῆς
1337 733 1688 805 παράλληλος
1738 735 1806 805 τῇ
1855 736 1963 788 ΓΛ

262 818 607 895 ἆσυμπτοότςο
641 818 675 891 ἡ
708 826 835 875 ΕΘ·
876 818 908 890 ἡ
942 826 1047 875 ΕΘ
1078 821 1188 891 ἄρα
1219 822 1356 876 κατὰ
1392 820 1572 892 μόνον
1603 824 1666 877 τὸ
1699 826 1751 875 Ε
1777 821 1964 892 τέμνει

262 908 367 980 τὴν
405 910 599 981 τομήν.
668 910 784 964 ε’πεὶ
826 902 930 964 οὗν
969 906 1003 981 ἡ
1037 914 1145 964 ΓΛ
1176 912 1241 982 τῇ
1275 914 1380 964 ΕΘ
1410 908 1764 982 παράλληλός
1794 910 1963 979 ἐστιν,

263 998 356 1053 καὶ
403 1001 470 1071 τῇ
510 1003 638 1053 ΑΗ
676 1003 972 1069 συμπίπτει
1019 996 1052 1069 ἡ
1096 1003 1230 1069 ΖΗ,
1278 998 1370 1053 καὶ
1415 1001 1482 1071 τῇ
1522 1005 1627 1054 ΕΘ
1673 997 1783 1071 ἄρα
1830 1014 1966 1070 συμ-

177 1100 232 1140 10
265 1098 532 1143 πεσεῖται·
573 1085 711 1143 ὥστε
750 1087 843 1142 καὶ
881 1090 947 1159 τῇ
987 1090 1144 1160 τομῇ.

378 1197 458 1246 Εἴ
528 1194 611 1256 τίς
687 1192 837 1246 ἐστιν
916 1188 1317 1263 εὐθύγραμμος
1384 1195 1564 1262 γωνία
1630 1191 1964 1263 περιέχουσα

264 1281 368 1351 τὴν
432 1277 754 1352 ὑπερβολὴν
817 1280 976 1352 ἑτέρα
1043 1283 1142 1351 τῆς
1199 1279 1561 1351 περιεχούσης
1627 1277 1731 1351 τὴν
1801 1277 1968 1350 ὑπερ-

266 1368 464 1440 βολήν,
507 1367 608 1424 οὐκ
649 1372 799 1424 ἔστιν
841 1367 1093 1424 ἐλάσσων
1132 1372 1230 1440 τῆς
1268 1368 1631 1440 περιεχούσης
1667 1366 1773 1439 τὴν
1803 1365 1968 1440 ὑπερ-

265 1458 458 1528 βολήν.

179 1576 234 1616 15
380 1564 519 1615 ε”στω
551 1557 854 1632 ὑπερβολή,
888 1554 954 1632 ἧς
985 1557 1340 1632 ἆσύμπτωτοι
1370 1563 1433 1615 αἱ
1460 1565 1585 1630 ΓΑ,
1617 1567 1671 1615 A
1681 1567 1754 1631 Δ,
1788 1561 1968 1633 ἕτεραι

269 1649 337 1704 δέ
363 1669 512 1714 τινες
544 1647 902 1721 ἄσύμπτωτοι
934 1652 999 1721 τῇ
1032 1653 1171 1723 τομῇ
1207 1653 1456 1705 ἔστωσαν
1483 1652 1546 1703 αἱ
1566 1654 1750 1704 ΕΖΗ.
1805 1649 1966 1719 λέγω,

270 1735 358 1792 ὅτι
400 1734 504 1793 οὐκ
544 1736 797 1793 ἐλάσσων
837 1737 988 1793 ἐστὶν
1029 1735 1061 1808 ἡ
1101 1737 1240 1808 πρὸς
1278 1741 1354 1813 τῷ
1397 1743 1442 1791 Ζ
1481 1741 1658 1808 γωνία
1696 1745 1794 1808 τῆς
1830 1735 1970 1807 πρὸς

267 1828 343 1901 τῷ
383 1832 450 1881 Α.

383 1933 634 1984 ἔστωσαν
689 1951 799 2000 γαρ
854 1928 1129 2001 πρότερον
1185 1931 1246 1984 αἱ
1291 1934 1469 1983 ΕΖΗ
1505 1939 1625 1994 ταῖς
1672 1933 1804 1998 ΓΑ,
1852 1936 1971 1983 ΑΛ

182 2033 241 2074 20
273 2017 637 2088 παράλληλοι.
714 2023 805 2088 ἴση
854 2015 965 2088 ἄρα
1012 2017 1046 2088 ἡ
1092 2016 1233 2088 πρὸς
1278 2020 1352 2093 τῷ
1403 2022 1448 2071 Ζ
1495 2021 1675 2087 γωνία
1720 2020 1785 2090 τῇ
1831 2018 1971 2088 πρὸς

270 2110 345 2182 τῷ
402 2114 475 2161 Α·
532 2104 636 2161 οὐκ
693 2105 948 2162 ἐλάσσων
1003 2106 1114 2178 ἄρα
1171 2106 1322 2162 ἐστὶν
1376 2103 1410 2177 ἡ
1466 2104 1607 2179 πρὸς
1658 2109 1733 2182 τῷ
1783 2111 1828 2160 Ζ
1874 2108 1972 2176 τῆς

270 2194 410 2267 πρὸς
448 2198 522 2270 τῷ
565 2202 632 2251 A.

385 2296 460 2368 μὴ
495 2302 744 2354 ἔστωσαν
770 2300 839 2370 δὴ
866 2298 1231 2371 παράλληλοι,
1262 2296 1453 2362 καθὼς
1477 2298 1565 2353 ἐπὶ
1589 2299 1686 2368 τῆς
1710 2298 1971 2369 δευτέρας

398 2523 435 2563 1.
478 2520 584 2578 ΓΑ]
627 2522 710 2564 ΓΛ
742 2535 786 2576 p.
940 2515 1062 2564 οὕτω
1094 2536 1139 2577 p.
1292 2525 1332 2566 2.
1373 2519 1489 2563 Post
1521 2519 1764 2563 δείκνυται
1797 2517 1971 2562 excidit

275 2579 600 2635 praeparati03
642 2579 691 2623 in
723 2579 825 2636 Wp
865 2579 998 2623 nulla.
1035 2580 1219 2624 lacuna.
1371 2584 1412 2622 3.
1452 2573 1481 2634 ἡ
1515 2575 1569 2622 δὲ
1603 2574 1865 2634 σύμπτωσις
1919 2574 1975 2620 αῖ

275 2637 330 2682 δὲ
365 2636 657 2695 συμπτώσεις
687 2595 825 2695 pr
844 2652 960 2683 corr
993 2638 1166 2695 Halley
1197 2652 1304 2682 cum
1338 2636 1514 2682 Comm
1665 2642 1706 2682 4.
1739 2636 1835 2694 τῇ(
1886 2635 1969 2693 t.)]

274 2701 358 2753 τῆς
384 2696 569 2754 Halley.
724 2702 764 2743 9.
797 2698 920 2756 AH]
953 2698 1142 2755 scripsi,
1181 2699 1283 2742 AN
1309 2711 1341 2753 p
1373 2698 1442 2762 et„
1478 2700 1514 2739 A
1544 2695 1595 2739 in
1617 2709 1707 2740 ras.
1733 2710 1795 2740 m.
1822 2700 1861 2750 1,
1895 2695 1970 2750 W;

276 2758 368 2800 ΑΓ
409 2757 579 2813 Halley
619 2771 726 2801 cum
766 2755 940 2801 Comm.
1097 2762 1167 2801 15
1211 2749 1297 2814 ἧς]
1338 2753 1527 2811 scripsi,
1574 2751 1604 2810 ἥ
1645 2755 1771 2811 Wp3
1818 2753 1970 2809 possis

276 2816 421 2859 etiam
454 2817 540 2859 καί
568 2815 812 2861 coniicere.
939 2821 1006 2859 16.
1040 2815 1213 2873 ΕΖΗ]
1246 2814 1434 2871 scripsi,
1467 2815 1553 2857 EZ
1585 2812 1707 2869 Wp3
1749 2814 1851 2864 ΕΖ,
1879 2814 1975 2854 ΖΗ

275 2875 444 2949 Ealley
479 2889 585 2919 cum
618 2875 790 2920 Comm.
949 2879 1016 2918 18.
1033 2875 1141 2947 τῷ]
1174 2890 1219 2930 Ρ,
1250 2873 1305 2920 τό
1340 2874 1413 2918 W.
1566 2876 1637 2917 20.
1670 2868 1969 2927 παράλληλοι.

278 2935 352 2990 ἴση
386 2931 502 2992 ἄρα]
536 2949 582 2991 Ρ,
615 2930 926 2992 παραλλήλοις
958 2931 986 2990 ἡ
1024 2930 1119 2991 ἄρα
1150 2932 1224 2978 W.
