2046 3224
718 151 1126 197 PROLEGOMEN
1127 155 1179 198 A.
1608 152 1798 197 LXXIII

40 284 42 286 ·
115 275 169 317 18
215 268 387 322 πλάτος
428 297 478 304 -
523 271 643 329 ΖΝ]
685 283 772 316 om.
817 272 933 327 A‚*)
981 276 1037 315 20
1077 268 1212 328 ἤχθω
1255 297 1306 304 --
1342 276 1397 316 25
1439 273 1602 326 ΡΝΣ]
1637 271 1675 314 si
1714 283 1797 327 per

112 338 334 395 punctum
364 340 418 381 N
444 337 635 394 planum
666 339 760 381 ΡΝ
766 339 876 380 ΣΜ
900 338 1000 380 basi
1033 337 1138 381 coni
1169 336 1445 394 parallelum
1479 337 1677 394 ducitur,
1711 337 1813 401 cir-⁷

24 436 27 439 »
112 404 244 448 culus
275 406 360 459 est,
393 404 522 448 cuius
555 402 809 447 diametrus
843 402 1015 456 ΡΣΑ,

227 485 273 528 p.
306 474 378 526 44,
403 475 460 514 28
493 466 517 513 ὁ
552 467 605 514 δέ
640 495 691 501 —-
724 484 769 525 p.
794 474 867 525 46,
895 473 917 512 1
951 466 1106 528 λόγος]
1142 484 1259 526 quae
1290 470 1412 515 ratio
1444 470 1499 526 A,

228 551 274 594 p.
298 540 370 591 46,
394 540 420 580 2
453 535 534 580 καὶ
565 532 593 591 ἡ
624 561 683 568 —-
716 540 739 579 7
780 536 884 592 NP]
912 536 1098 580 breuius
1129 535 1184 591 A,
1218 540 1243 580 8
1274 538 1383 592 post
1413 535 1549 594 λόγος
1581 536 1686 581 add.
1721 536 1795 592 ‚,h.

112 606 151 648 e.
194 605 330 647 &Nz
355 604 486 651 ΝΞ“
521 602 583 658 A,
624 608 649 646 9
683 600 707 646 ὁ
741 599 794 646 δέ
826 628 885 634 -—
919 608 968 646 11
1006 598 1053 661 ὁ]
1087 617 1206 658 quae
1244 603 1366 647 ratio
1399 602 1608 659 aequalis
1641 603 1710 647 eet
1740 602 1795 658 A,

115 670 168 714 '13
208 665 237 725 ἡ
280 671 365 714 ΘΖ
396 691 460 702 —-
489 673 543 712 14
575 666 831 727 τουτέστιν]
866 683 953 713 om.
993 667 1053 724 A,
1106 673 1160 712 14
1201 664 1294 712 ἀλλ’
1330 695 1385 701 -
1421 674 1475 714 16
1509 672 1649 717 ZNa
1706 682 1794 714 om.

112 735 152 779 A
156 734 250 793 ,**)
284 739 337 780 19
367 736 476 792 post
506 737 653 779 ΣΝΡ
681 734 785 779 add.
820 734 893 791 „h.
926 749 964 781 c.
999 735 1168 779 ΜΝἱζιι
1200 737 1254 789 A,
1287 731 1339 779 τὸ
1375 733 1428 779 δέ
1453 761 1509 768 --
1535 740 1590 779 22
1623 739 1796 789 παραλ-

109 798 456 860 ληλόγραμμον]
491 815 579 846 om.
621 800 683 858 A,
724 805 778 846 23
812 801 987 853 πλάτος
1018 827 1075 834 -
1110 802 1228 860 ΖΝ]
1262 815 1350 847 om.
1384 802 1438 858 A,
1471 806 1525 845 27
1559 803 1795 845 καλείσθω

58 911 65 918 ,
111 892 166 900 -
197 868 306 926 καί]
340 883 430 913 om.
463 870 514 912 A.

231 934 523 980 definitiones
564 935 734 978 altera-s
773 934 794 977 Ι
830 950 874 991 p.
901 939 957 979 66
996 935 1085 979 hoc
1124 935 1226 979 loco
1269 948 1357 979 om.
1396 934 1514 990 AM,
1555 935 1637 979 scd
1668 934 1717 978 in
1748 935 1797 979 M

34 1019 45 1028 ·
109 1001 216 1057 post
254 1000 544 1046 definitiones
583 1001 759 1058 priores
800 1001 1028 1057 quaedam
1068 1000 1345 1057 interposita
1389 1004 1497 1045 sunt
1528 1001 1584 1045 de
1618 1001 1796 1057 origine

38 1102 41 1103 γ
109 1065 251 1110 trium
279 1067 548 1123 sectionum,
582 1068 638 1111 de
665 1068 907 1124 oppositis,
932 1067 991 1111 de
1017 1068 1174 1112 centro
1202 1067 1519 1127 oppositarum
1545 1070 1592 1111 et
1617 1068 1794 1124 ellipsis

112 1135 319 1190 („omnes
349 1136 525 1190 rectae,
567 1147 686 1190 quae
716 1147 799 1190 per
830 1133 1066 1190 quoddam
1097 1135 1320 1190 punctum
1353 1132 1477 1177 inter
1509 1133 1622 1177 duas
1655 1147 1796 1191 oppo-

115 1199 227 1244 sitas
264 1200 342 1244 uel
379 1200 505 1245 intra
544 1199 745 1256 ellipsim
786 1199 989 1257 positum
1022 1200 1287 1254 transeunt,
1329 1199 1546 1244 diametri
1579 1202 1708 1257 sunt,
1749 1202 1797 1244 et

110 1265 197 1310 hoc
227 1266 451 1323 punctum
484 1267 695 1312 centrum
725 1268 981 1323 uocatur-‘Q

229 1332 339 1378 hinc
360 1332 481 1376 nihil
504 1347 692 1389 prorsus
718 1332 777 1377 ad
800 1334 944 1377 uerba
961 1331 1200 1389 Apollonii
1225 1332 1514 1376 emendanda
1529 1332 1630 1389 peti
1646 1347 1795 1390 posse,

113 1400 224 1444 satis
262 1400 475 1455 adparet,
516 1412 602 1443 nec
642 1398 778 1444 aliter
810 1399 1172 1455 exspectandum
1205 1399 1325 1455 erat,
1367 1398 1586 1453 quoniam
1619 1400 1795 1446 Arabes

111 1479 294 1522 quoque
326 1466 529 1510 editione
559 1465 744 1509 Eutoc-ii
775 1466 1039 1510 utebantur

228 1533 318 1576 Per
363 1531 540 1576 Arabes
595 1531 738 1576 etiam
786 1532 845 1575 ad
893 1530 1203 1575 occidentales
1251 1532 1435 1575 saeculo
1483 1531 1591 1575 XIII
1637 1531 1796 1588 aliqua

109 1597 280 1643 notitia
319 1597 596 1643 Conicorum
633 1598 862 1655 peruenit.
931 1597 1124 1642 Uitellio
1165 1597 1288 1642 enim
1326 1598 1376 1641 in
1415 1597 1707 1653 praefatione
1798 1606 1958 1641 Uitellio

14 1730 18 1734 ⁵
109 1665 430 1723 perspectiuae
477 1665 652 1710 fol.1u
699 1663 789 1721 (ed.
827 1663 1035 1708 Norimb.
1080 1654 1212 1721 153'5)
1257 1664 1374 1708 haec
1416 1665 1581 1708 habet·
1629 1666 1795 1710 librum

110 1732 230 1776 hunc
260 1746 346 1789 per
382 1745 427 1777 se
465 1735 656 1776 stantem
693 1731 935 1786 effecimus
956 1732 1149 1787 eoeeeptis
1183 1731 1276 1785 his,
1315 1743 1430 1786 quae
1459 1744 1514 1774 ex
1546 1731 1796 1776 Elementis

31 1821 56 1837 --
111 1797 341 1855 Euclidis,
371 1803 412 1843 et
429 1799 610 1855 paucis,
642 1811 756 1855 quae
779 1811 834 1843 ex
860 1798 1042 1842 Conicis
1065 1794 1288 1841 elementis
1311 1796 1504 1854 Peryaei
1526 1796 1798 1854 Appollonii

111 1865 383 1921 dependent,
421 1878 534 1922 quae
571 1869 680 1909 sunt
714 1865 856 1908 solum
888 1865 994 1919 ἀπο,
1027 1864 1191 1920 quibus
1222 1864 1274 1907 in
1305 1863 1389 1908 hac
1419 1863 1610 1907 scientia
1641 1877 1796 1908 sumus

110 1933 207 1986 usi,
246 1936 299 1976 ut
336 1933 389 1976 in
412 1944 627 1988 processu
660 1931 948 1987 postmodum
980 1931 1172 1987 patebit.
1237 1930 1284 1974 et
1319 1929 1480 1986 paullo
1512 1929 1704 1974 inferius
1732 1929 1795 1975 ¹de

111 1996 232 2041 libro
246 1997 417 2054 primo:
435 2001 478 2043 et
493 1998 545 2042 in
560 1997 642 2043 hoc
657 2011 710 2042 ea
726 1998 832 2052 duo,
852 2011 966 2054 quae
982 1997 1288 2041 demonstrata
1303 2000 1412 2048 sunt
1428 1997 1485 2040 ab
1503 1995 1795 2052 Appollonio,

112 2064 406 2109 declaramus.
479 2062 711 2120 significat
740 2064 774 2119 I,
803 2066 905 2108 131:
941 2064 1061 2107 inter
1091 2064 1209 2108 duas
1240 2067 1385 2107 rec-tas
1422 2075 1468 2106 se
1505 2067 1702 2108 secantes
1740 2076 1795 2108 ex

111 2143 209 2174 una
232 2135 370 2186 parte
400 2145 431 2175 a
457 2134 628 2186 puncto
659 2131 766 2174 dato
797 2130 1076 2188 hyperbolem
1107 2130 1214 2173 illas
1247 2130 1391 2173 lineas
1419 2141 1513 2173 non
1535 2130 1794 2186 eontinyen-

113 2200 199 2241 tem
237 2197 423 2251 ducere,
461 2210 517 2241 ex
556 2197 653 2241 alia
685 2201 823 2252 parte
860 2196 1110 2241 communis
1142 2196 1309 2252 puncti
1346 2195 1535 2239 illarum
1571 2196 1795 2240 linearum

113 2263 391 2319 hyperbolem
418 2263 572 2318 priori
601 2263 854 2319 oppositam
877 2263 1140 2318 desiynare;
1171 2275 1227 2305 ex
1250 2274 1336 2318 quo
1356 2264 1496 2317 patet,
1528 2263 1663 2317 quod,
1695 2275 1795 2306 cum

113 2329 289 2383 fuerint
319 2330 437 2374 duae
466 2330 678 2374 sectiones
709 2330 940 2385 oppositae
971 2329 1091 2373 inter
1118 2329 1237 2372 duas
1260 2328 1418 2382 lineas,
1452 2331 1492 2372 et
1508 2328 1795 2384 producatur

117 2395 242 2439 linea
279 2396 470 2440 minima
508 2396 565 2440 ab
605 2408 702 2438 una
732 2395 923 2440 sectione
953 2395 1016 2439 ad
1047 2395 1204 2450 aliam,
1234 2395 1320 2439 erit
1346 2407 1460 2450 pars
1491 2394 1620 2438 illius
1651 2394 1796 2438 lineae

115 2460 387 2511 interiacens
431 2475 573 2506 unam
618 2462 863 2507 sectionum
903 2466 944 2506 et
979 2461 1201 2518 reliquam
1240 2461 1406 2505 lineam
1444 2460 1649 2516 aequalis
1686 2470 1795 2504 suae

108 2529 240 2583 parti
285 2528 427 2572 aliam
475 2528 720 2572 sectionum
763 2532 803 2572 et
841 2528 1062 2584 reliquam
1102 2528 1285 2571 lineam.
1305 2527 1605 2571 interiacenti.
1676 2526 1794 2582 quod

231 2688 272 2744 ²¹⁸)
304 2688 458 2732 Ucrba
488 2688 568 2732 καὶ
599 2684 769 2745 ὁμοίως
801 2686 1000 2747 κειμένῳ
1034 2687 1093 2732 ab
1125 2687 1311 2732 Halleio
1350 2688 1459 2744 post
1490 2683 1591 2731 ὄντι
1622 2685 1701 2730 lin
1739 2690 1791 2729 19

116 2746 268 2803 interp
273 2746 400 2791 olata
431 2748 575 2791 etiam
607 2746 656 2791 in
686 2746 729 2789 A
761 2746 941 2792 desunt.

206 2805 275 2862 **)
306 2805 461 2849 Uerba
489 2805 570 2850 lin.
606 2810 779 2850 17-18
813 2820 963 2850 errore
995 2805 1043 2848 in
1075 2805 1117 2849 V
1150 2805 1318 2850 omissa
1348 2804 1397 2847 in
1422 2804 1462 2845 A
1494 2804 1678 2858 adsunt,
1711 2802 1793 2848 sed

116 2863 158 2906 A
191 2878 289 2907 cum
323 2863 508 2908 Halleio
542 2866 650 2920 etp
619 2878 764 2921 ppro
797 2867 945 2908 ΣΝΡ
972 2865 1052 2908 lin.
1081 2869 1133 2908 17
1168 2865 1325 2919 ΞΝΖ,
1356 2876 1439 2918 pro
1465 2862 1610 2910 ΞΝΖ
1634 2860 1714 2906 lin.
1739 2866 1791 2907 18

116 2924 218 2966 ΣΝ
226 2927 262 2966 Ρ
289 2923 459 2967 habere
492 2922 688 2967 uidetur.
