2046 3256
243 127 316 181 84
912 131 1192 176 ΚΩΝΙΚΩΝ
1223 133 1253 176 δ
1262 127 1289 176 ’.

245 252 376 319 ΘΔ,
416 247 508 303 καὶ
551 248 862 320 ἐπεζεύχθω
903 245 937 320 ἡ
978 256 1116 321 ΑΔ,
1154 250 1247 305 καὶ
1289 251 1382 306 διὰ
1424 253 1527 306 τοῦ
1567 257 1621 307 Ε
1653 254 1808 324 παρὰ
1847 254 1952 328 τήν

242 351 361 399 ΑΔ
401 342 561 416 ἤχθω
601 341 634 416 ἡ
672 349 850 416 ΕΒΓ,
889 344 981 401 καὶ
1021 344 1129 402 ἀπὸ
1168 355 1272 403 τοῦ
1301 353 1349 402 Θ
1388 348 1620 421 δευτέρα
1652 346 1950 421 διάμετρος
2032 400 2038 421 Ι,

245 437 405 512 ’ἤχθω
453 442 567 496 τῶν
615 438 1017 514 ἀντικειμένων
1062 440 1096 514 ἡ
1137 448 1330 498 ΘΚΛ·
1378 454 1532 515 τεμεῖ
1575 442 1646 516 δὴ
1690 442 1792 517 τὴν
1834 450 1953 500 ΑΔ

245 539 372 608 δίχα
411 535 550 592 κατὰ
588 537 650 593 τὸ
693 543 761 593 K.
823 538 916 594 καὶ
955 539 1185 611 ἑκατέρα
1226 537 1335 611 ἄρα
1374 542 1487 595 τῶν
1524 545 1649 612 ΕΒ,
1682 545 1794 597 ΕΓ
1827 542 1956 612 δίχα

187 649 214 689 5
253 633 507 705 τέτμηται
554 632 692 689 κατὰ
738 633 802 690 τὸ
852 641 918 690 Λ.
997 642 1088 706 ἴση
1137 636 1247 708 ἄρα
1293 633 1327 707 ἡ
1377 642 1487 691 ΒΛ
1532 639 1598 710 τῇ
1642 641 1771 692 AF·
1819 634 1954 708 ὅπερ
2025 655 2035 678 ⁷:

244 726 543 787 ἀδύνατον.
617 727 719 786 οὐκ
759 729 869 802 ἄρα
908 735 1322 803 συμπεσοῦνται
1361 729 1479 788 κατ’
1525 730 1661 790 ἄλλο
1702 743 1951 806 σημεῖον.
2043 797 2046 807 Ι

1045 977 1116 1025 νγ
1144 998 1155 1010 .

350 1068 484 1127 Ἐὰν
530 1068 815 1144 ὑπερβολὴ
872 1075 1002 1144 μιᾶς
1054 1076 1168 1129 τῶν
1221 1071 1617 1145 ἀντικειμένων
1662 1070 1801 1129 κατὰ
1847 1071 1952 1129 δύο

246 1179 445 1239 σημεῖα
494 1169 828 1240 ἐφάπτηται,
876 1165 909 1240 ἡ
959 1168 1311 1241 ἀντικειμένη
1354 1167 1495 1243 αὐτῇ
1534 1171 1601 1243 τῇ
1643 1169 1803 1244 ἑτέρᾳ
1838 1171 1953 1225 τῶν

158 1273 212 1314 10
250 1261 649 1336 ἀντικειμένων
692 1261 761 1321 οὐ
801 1276 1173 1338 συμπεσεῖται.

361 1373 610 1426 ἔστωσαν
657 1367 1033 1441 ἀντικείμεναι
1075 1372 1139 1424 αἱ
1173 1375 1374 1440 ΑΔΒ,
1415 1375 1488 1440 Ε,
1535 1369 1628 1425 καὶ
1666 1366 1950 1443 ὑπερβολὴ

245 1462 279 1536 ἡ
321 1470 435 1521 ΑΓ
473 1469 571 1537 τῆς
611 1471 785 1520 ΑΛΒ
834 1466 1167 1536 ἐφαπτέσθω
1213 1463 1351 1521 κατὰ
1392 1463 1497 1520 δύο
1538 1474 1737 1536 σημεῖα
1774 1465 1843 1522 τὰ
1880 1472 1953 1536 Α,

245 1567 310 1633 Β,
349 1561 442 1617 καὶ
483 1566 621 1618 ἔστω
661 1558 1012 1632 ἀντικειμένη
1053 1565 1151 1632 τῆς
1183 1569 1235 1616 Α
1246 1565 1300 1616 Γ
1329 1558 1363 1631 ἡ
1400 1567 1460 1618 Ζ.
1521 1561 1683 1632 λέγω,
1716 1560 1800 1617 ὅτι
1838 1557 1873 1632 ἡ
1907 1566 1954 1616 Ζ

245 1661 312 1731 τῇ
350 1664 404 1713 Ε
441 1656 511 1714 οὐ
553 1668 927 1729 συμπεσεῖται.
1709 1654 1717 1661 “

161 1776 215 1818 15
360 1766 412 1818 εἰ
447 1761 555 1835 γὰρ
596 1761 860 1832 δυνατόν,
895 1761 1247 1832 συμπιπτέτω
1279 1758 1416 1815 κατὰ
1449 1757 1512 1816 τὸ
1545 1766 1612 1831 Ε,
1643 1760 1736 1816 καὶ
1767 1760 1953 1832 ἤχθω-

247 1875 353 1915 σαν
402 1856 509 1915 ἀπὸ
559 1861 671 1914 τῶν
710 1865 787 1929 Α,
828 1863 875 1912 Β
917 1857 1295 1928 ἐφαπτόμεναι
1338 1859 1451 1912 τῶν
1491 1859 1678 1927 τομῶν
1719 1858 1783 1911 αἰ
1816 1861 1952 1927 ΑΗ,

246 1961 372 2026 ΗΒ,
412 1956 505 2010 καὶ
545 1955 858 2025 ἐπεζεύχθω
890 1950 925 2023 ἡ
1018 2005 1059 2047 Α

247 2057 360 2106 ΑΒ
415 2051 507 2107 καὶ
562 2048 595 2122 ἡ
661 2056 791 2105 ΕΗ
835 2049 926 2105 καὶ

250 2146 633 2218 ἐκβεβλήσθω·
671 2157 825 2217 τεμεῖ
855 2146 923 2216 δὴ

159 2258 218 2298 20
249 2240 367 2298 κατ’
390 2241 526 2298 ἄλλο
553 2243 645 2298 καὶ
672 2241 810 2298 ἄλλο
834 2259 927 2313 ση-
994 2223 1029 2264 θ
1102 2259 1150 2294 Δ
1406 2275 1464 2317 ff

252 2349 411 2409 μεῖον
437 2337 535 2404 τὰς
559 2339 742 2409 τομάς.
786 2342 926 2394 ἔστω

254 2433 322 2504 δὴ
385 2431 474 2499 ὡςΔ
520 2432 552 2504 ἡ
622 2438 927 2489 ΕΗΓΛΘ.
1040 2447 1094 2495 [a

254 2530 366 2585 ἐπεὶ
426 2522 532 2585 οὖν
585 2528 927 2601 ἐφάπτονται
997 2499 1040 2537 B

257 2627 319 2680 αἱ
345 2630 483 2696 ΑΗ,
518 2629 651 2694 ΗΒ,
691 2625 784 2679 καὶ
823 2624 857 2696 ἡ
891 2633 998 2681 ΑΒ
1037 2624 1136 2692 τὰς
1175 2622 1323 2696 ἁφὰς
1363 2625 1663 2694 ἐπέζευξεν,
1704 2627 1855 2679 ἔσται
1891 2625 1952 2679 ἐν

166 2735 221 2776 25
255 2720 358 2793 μὲν
405 2725 470 2795 τῇ
520 2721 680 2795 ἑτέρᾳ
727 2725 980 2795 συζυγία,
1037 2719 1111 2788 ὡς
1156 2718 1191 2793 ἡ
1241 2727 1350 2776 ΘΕ
1390 2719 1528 2794 πρὸς
1572 2725 1711 2790 ΕΗ,
1765 2717 1800 2791 ἡ
1843 2725 1954 2775 ΘΔ

254 2816 391 2890 πρὸς
424 2823 564 2888 ΔΗ,
607 2818 669 2873 ἐν
703 2816 765 2872 δὲ
803 2819 870 2890 τῇ
902 2817 1060 2891 ἑτέρα
1099 2814 1133 2888 ἡ
1165 2821 1276 2872 ΘΓ
1308 2815 1448 2888 πρὸς
1479 2821 1609 2871 ΓΗ·
1652 2813 1789 2887 ὅπερ
1822 2813 1954 2871 ἀδύ-

256 2936 445 2971 νατον.
518 2910 621 2968 οὐκ
662 2911 771 2986 ἄρα
809 2909 843 2984 ἡ
887 2918 931 2967 Ζ
968 2921 1036 2985 τῇ
1077 2919 1130 2967 Ε
1167 2910 1484 2983 συμβάλλει.
