2046 3256
253 145 357 199 112
907 147 1290 192 FRAGMENTA.

360 267 568 320 Eadem
608 263 907 336 propositio
945 267 1282 339 significatur
1314 286 1346 321 a
1377 267 1564 338 Pappo
1596 266 1723 338 VII,
1759 269 1864 323 143
1897 289 1951 340 p.

250 357 380 422 802,
429 358 485 410 8:
542 355 603 409 ἐν
658 352 768 427 γὰρ
822 356 889 427 τῇ
944 356 1287 428 διωρισμένη
1336 355 1612 434 δέδεικται
1657 359 1844 428 μεῖζον
1894 363 1948 412 et

248 445 379 514 VII,
431 444 538 497 144
583 463 634 514 p.
683 445 813 515 804,
863 446 956 500 13:
1011 445 1072 500 ἐν
1128 443 1191 499 δὲ
1243 446 1309 516 τῇ
1367 444 1707 518 διωρισμένη
1762 449 1949 517 μεῖζον

250 536 401 587 ἔσται
439 532 502 587 τὸ
543 529 651 587 ὑπὸ
695 536 862 587 ΘΗΚ
894 534 998 588 τοῦ
1035 530 1147 588 ὑπὸ
1189 537 1374 588 ΘΤΚ.

189 683 215 722 5
829 666 918 720 De
958 667 1376 721 tacssionibuS.

363 772 445 825 18.
500 771 720 841 Pappus
760 770 893 843 VII,
934 773 1000 826 11
1043 792 1094 842 p.
1136 772 1268 842 644,
1307 772 1378 826 23
1420 790 1519 841 sq.:

351 855 510 929 Ἑξῆς
557 857 620 913 δὲ
665 858 885 924 τούτοις
930 867 1062 914 τῶν
1103 860 1370 930 ἐπαφῶν
1410 860 1561 915 ἐστιν
1599 862 1790 930 βιβλία
1827 857 1950 916 δύο.

247 946 544 1018 προτάσεις
584 945 646 1002 δὲ
685 949 747 1003 ἐν
789 945 980 1013 αὐτοῖς
1020 950 1287 1003 δοκοῦσιν
1328 945 1474 1003 εἶναι
1504 951 1773 1017 πλείονες,
1809 943 1948 1003 ἀλλὰ

247 1035 338 1090 καὶ
370 1034 587 1092 τούτων
621 1040 755 1107 μίαν
779 1040 1009 1108 τίθεμεν
1043 1035 1220 1103 οὕτως
1253 1040 1491 1108 ἔχουσαν
1524 1036 1668 1108 ἑξῆς·
1703 1039 1948 1107 σημείων

162 1138 215 1177 10
247 1123 339 1178 καὶ
387 1121 630 1181 εὐθειῶν
676 1125 769 1180 καὶ
815 1125 1037 1181 κύκλων
1083 1128 1258 1199 τριῶν
1298 1122 1618 1181 ὁποιωνοῦν
1655 1125 1815 1180 θέσει
1855 1127 1949 1180 δο-

249 1213 472 1269 θέντων
504 1213 714 1269 κύκλον
746 1212 977 1285 ἀγαγεῖν
1010 1212 1084 1270 δι’
1122 1213 1358 1270 ἑκάστου
1386 1217 1500 1270 τῶν
1532 1215 1822 1270 δοθέντων
1854 1228 1949 1284 ση-

247 1306 439 1373 μείων,
472 1306 524 1357 εἰ
547 1305 767 1374 δοθείη,
799 1299 833 1374 ἢ
861 1302 1248 1375 ἐφαπτόμενον
1273 1302 1504 1375 ἑκάστης
1525 1305 1640 1359 τῶν
1667 1305 1948 1358 δοθεισῶν

246 1394 535 1463 γραμμῶν.
610 1390 814 1462 ταύτης
862 1391 955 1447 διὰ
1003 1391 1194 1464 πλήθη
1233 1395 1348 1448 τῶν
1388 1393 1450 1448 ἐν
1487 1402 1606 1458 ταῖς
1643 1388 1948 1447 ὑποθέσεσι

249 1480 572 1551 δεδομένων
612 1477 826 1552 ὁμοίων
866 1477 901 1552 ἢ
942 1478 1224 1552 ἀνομοίων
1264 1479 1402 1537 κατὰ
1438 1482 1606 1552 μέρος
1636 1478 1948 1552 διαφόρους

163 1580 216 1620 15
248 1567 544 1638 προτάσεις
597 1567 909 1641 ἀναγκαῖον
963 1574 1228 1640 γίνεσθαι
1283 1571 1440 1626 δέκα·
1496 1571 1556 1625 ἐκ
1607 1571 1721 1626 τῶν
1774 1572 1947 1642 τριῶν

246 1658 354 1728 γὰρ
396 1655 685 1729 ἀνομοίων
718 1661 901 1729 γενῶν
939 1658 1161 1729 τριάδες
1201 1659 1468 1731 διάφοροι
1500 1657 1724 1714 ἄτακτοι
1758 1662 1945 1730 γίνον-

246 1767 335 1800 ται
381 1750 425 1804 ῖ.
501 1745 626 1817 ἤτοι
679 1747 787 1819 γὰρ
841 1745 909 1802 τὰ
967 1747 1237 1820 διδόμενα
1290 1751 1415 1819 τρία
1471 1757 1670 1819 σημεῖα
1719 1743 1754 1818 ἢ
1800 1758 1947 1819 τρεῖς

247 1834 466 1890 εὐθεῖαι
512 1832 546 1907 ἢ
598 1834 701 1891 δύο
750 1847 942 1907 σημεῖα
987 1836 1082 1891 καὶ
1128 1835 1324 1892 εὐθεῖα
1370 1832 1405 1908 ἢ
1451 1834 1555 1891 δύο
1595 1833 1814 1891 εὐθεῖαι
1851 1835 1945 1890 καὶ

248 1934 479 1994 σημεῖον
525 1921 559 1995 ἢ
610 1923 714 1980 δύο
762 1936 960 1996 σημεῖα
1002 1925 1094 1980 καὶ
1140 1924 1343 1990 κύκλος
1387 1922 1421 1996 ἢ
1471 1923 1577 1980 δύο
1620 1923 1815 1980 κύκλοι
1853 1915 1945 1980 καὶ

152 2024 214 2063 20
247 2023 477 2084 σημεῖον
525 2010 559 2084 ἢ
611 2013 715 2069 δύο
763 2012 984 2069 εὐθεῖαι
1029 2014 1122 2070 καὶ
1160 2013 1362 2079 κύκλος
1400 2010 1434 2085 ἢ
1476 2013 1579 2070 δύο
1618 2012 1814 2070 κύκλοι
1850 2012 1944 2068 καὶ

246 2101 443 2156 εὐθεῖα
474 2101 509 2173 ἢ
545 2114 778 2174 σημεῖον
802 2104 893 2158 καὶ
919 2101 1115 2158 εὐθεῖα
1138 2103 1231 2158 καὶ
1266 2102 1470 2168 κύκλος
1500 2099 1534 2174 ἢ
1566 2114 1712 2174 τρεῖς
1734 2100 1942 2158 κύκλοι.

245 2190 463 2246 τούτων
505 2191 608 2247 δύο
649 2191 751 2263 μὲν
790 2191 856 2247 τὰ
895 2195 1085 2264 πρῶτα
1126 2192 1398 2248 δέδεικται
1439 2194 1499 2247 ἐν
1538 2195 1614 2267 τῷ
1656 2191 1711 2246 δ’
1744 2194 1941 2265 βιβλίῳ

246 2282 358 2333 τῶν
389 2279 625 2351 πρῶτων
659 2286 966 2353 στοιχείων,
999 2280 1089 2337 διὸ
1121 2286 1306 2353 παρίει
1339 2284 1413 2352 μὴ
1445 2282 1703 2353 γράφων·
1741 2279 1803 2335 τὸ
1838 2279 1941 2351 μὲν

246 2366 352 2439 γὰρ
399 2378 571 2439 τριῶν
620 2371 912 2426 δοθέντων
960 2373 1203 2441 σημείων
1247 2372 1320 2441 μὴ
1361 2366 1444 2433 ἐπ’
1496 2366 1720 2434 εὐθείας
1760 2366 1941 2424 ὄντων

158 2470 213 2510 25
246 2454 307 2510 τὸ
364 2453 501 2512 αὐτό
556 2458 708 2512 ἐστιν
761 2461 837 2534 τῷ
893 2459 1018 2528 περὶ
1072 2457 1133 2513 τὸ
1187 2457 1363 2512 δοθὲν
1408 2461 1686 2528 τρίγωνον
1731 2456 1941 2512 κύκλον

247 2542 610 2648 περιγράψαι,
657 2543 719 2600 τὸ
763 2545 824 2600 δὲ
862 2549 897 2616 γ
945 2549 1226 2602 δοθεισῶν
1267 2543 1508 2601 εὐθειῶν
1548 2547 1622 2616 μὴ
1662 2545 1940 2617 παραλλή-

366 2696 407 2735 9.
449 2690 670 2748 ἔχουσαν·
707 2689 813 2748 ἑξῆς
852 2692 1052 2737 Hultsch
1091 2694 1118 2749 (‚
1124 2690 1249 2749 ,εξ-,ῆς
1279 2692 1517 2737 abundare
1549 2692 1764 2738 videtur“
1797 2691 1936 2748 adn..)

310 2756 378 2795 12.
411 2747 462 2808 ἤ]
497 2750 671 2796 addidi.
796 2756 864 2795 17.
902 2750 984 2810 τά]
1017 2752 1105 2797 del.
1136 2751 1350 2796 Hultsch.
1474 2749 1718 2822 δεδομένα
1738 2749 1940 2795 Hultsch

247 2823 352 2853 cum
385 2809 506 2854 aliis,
658 2815 728 2856 23.
763 2807 838 2854 διὸ
885 2812 1045 2866 παρίει
1091 2809 1153 2883 μὴ
1195 2809 1414 2868 γράφων]
1464 2809 1647 2867 scripsi,
1696 2806 1937 2867 ὁπερημεν

246 2865 444 2925 γράφων
486 2869 641 2925 codd„
689 2865 714 2914 ὃ
753 2874 983 2927 παρεῖμεν
1030 2867 1236 2926 γράφειν
1285 2869 1486 2914 Hultsch
1529 2869 1636 2926 (sed
1673 2869 1936 2915 necessario

245 2926 544 2985 Apollonius,
577 2943 671 2974 non
703 2929 904 2986 PappuS,
937 2929 1020 2974 hos
1054 2930 1169 2974 duos
1203 2942 1336 2974 casus
1370 2926 1556 2986 omisib).
