2034 3216
634 158 989 201 CONICORUM
1018 158 1199 199 LIBER
1228 159 1304 201 IV.
1736 157 1804 209 37

125 279 299 329 terum
347 279 440 328 aut
484 295 581 344 per
626 279 889 329 neutrum.
966 277 1075 328 iarn
1125 277 1171 329 si
1208 295 1304 346 per
1340 280 1398 328 H
1439 278 1615 331 solum
1656 278 1810 348 cadit,

123 382 231 417 non
286 364 389 416 crit
437 368 546 416 AB
600 367 776 417 rectae
823 367 938 416 ΒΚ
990 365 1253 435 aequaliS,
1308 366 1399 418 scd
1455 365 1549 418 alii
1599 366 1809 419 cuidam

129 451 246 520 [ΠΙ,
285 453 403 523 31];
443 452 584 522 quod
625 452 917 505 absurdum
958 456 1055 505 est.
1127 453 1212 505 sin
1249 471 1345 522 per
1382 456 1441 505 K
1475 455 1664 523 solum,
1701 472 1809 507 non

123 541 225 593 erit
254 542 358 592 ΓΔ
382 559 394 592 :
419 544 530 593 ΔΘ
556 565 624 583 =
651 543 770 593 ΓΗ
786 559 798 592 :
822 535 959 610 ΗΘ,
990 541 1082 594 scd
1114 541 1216 593 alia
1251 543 1514 610 quaedam
1547 543 1613 595 ad
1646 542 1809 595 aliam

125 627 250 697 [ΠΙ,
297 629 406 695 39].
493 629 576 681 sin
629 647 725 697 per
770 632 1018 681 neutrum
1064 631 1387 698 punctorum
1434 633 1508 695 K,
1546 634 1612 683 Η
1652 630 1809 699 cadit,

121 719 408 785 utrumque
448 717 739 769 absurdum
779 717 1002 771 eueniet.

864 936 1067 990 XXIII.

232 1053 436 1107 Rursus
493 1054 603 1106 sint
661 1055 942 1124 oppositae
989 1059 1062 1124 A,
1101 1058 1164 1124 Β,
1213 1058 1267 1108 et
1311 1057 1569 1123 punctum
1614 1057 1670 1104 A
1715 1071 1808 1122 po-

122 1141 286 1194 situm
333 1142 404 1194 sit
448 1143 506 1194 in
547 1143 771 1212 angulo,
820 1143 913 1212 qui
954 1143 1154 1211 angulo
1195 1143 1261 1195 ab
1303 1142 1628 1212 asymptotis
1669 1159 1810 1194 com-

119 1229 384 1299 prehenso
426 1230 677 1299 deinceps
720 1234 801 1282 est
838 1231 1066 1300 positus,
1106 1231 1432 1300 ducaturque
1465 1234 1579 1282 BA
1620 1229 1809 1282 sectio-

118 1335 242 1370 nem
274 1320 321 1368 B
360 1318 418 1369 in
454 1336 562 1370 uno
601 1321 802 1386 puncto
844 1319 958 1371 solo
995 1335 1196 1387 secans,
1237 1319 1390 1370 alteri
1423 1320 1602 1370 autem
1635 1335 1808 1385 asym-

121 1407 396 1473 ptotarum
434 1406 707 1475 parallela‚
748 1408 800 1457 et
837 1409 955 1457 ΔΑ
997 1405 1183 1458 eodem
1222 1406 1380 1459 modo
1423 1405 1716 1457 sectionem
1754 1409 1808 1456 A

121 1496 282 1562 secet,
324 1493 497 1562 sitque
538 1497 649 1545 AB
674 1518 744 1535 =
769 1495 904 1560 BH,
938 1497 1054 1546 AA
1081 1519 1149 1536 =
1174 1497 1306 1546 ΑΚ.

231 1596 372 1665 dico,
419 1599 622 1649 rectam
668 1614 762 1665 per
806 1599 1009 1664 puncta
1046 1599 1123 1666 K,
1168 1598 1227 1652 H
1267 1597 1482 1649 ductam
1529 1614 1650 1648 cum
1698 1613 1808 1648 sec—

119 1683 357 1736 tionibus
398 1702 738 1749 concurrere,
779 1687 833 1736 et
871 1687 1046 1736 rectas
1088 1703 1118 1736 a
1157 1685 1372 1754 punctis
1413 1701 1700 1737 concursus
1742 1682 1808 1735 ad

34 1788 37 1791 ·
125 1776 179 1823 A
219 1771 405 1825 ductas
446 1773 708 1825 sectiones
749 1771 1075 1840 contingere.

232 1875 496 1928 ducantur
535 1872 909 1944 contingentes
951 1877 1084 1942 AE,
1118 1877 1251 1944 ΔΖ,
1299 1876 1353 1925 et
1391 1873 1550 1926 ducta
1588 1877 1716 1942 ΕΖ,
1765 1874 1809 1926 si

119 1963 236 2015 fieri
274 1965 475 2032 potest,
528 1980 624 2030 per
661 1966 732 2032 Κ,
763 1966 829 2014 H
866 1980 934 2014 ne
982 1962 1153 2016 cadat.
1239 1968 1330 2014 aut
1377 1962 1547 2031 igitur
1593 1979 1689 2030 per
1738 1961 1810 2014 al-

120 2053 298 2103 terum
331 2069 516 2103 eorum
548 2050 702 2103 cadet
734 2053 827 2103 aut
857 2068 953 2120 per
984 2053 1249 2119 neutrum,
1280 2053 1334 2102 ct
1365 2053 1459 2102 aut
1481 2053 1536 2101 A
1546 2054 1598 2101 A
1628 2051 1807 2102 rectae

121 2143 173 2190 A
183 2141 238 2190 K
276 2138 514 2207 aequalis
552 2156 661 2191 non
700 2139 817 2206 erit,
858 2138 950 2191 scd
986 2138 1080 2190 alii
1113 2137 1325 2190 cuidam
1361 2136 1480 2206 [ΠΙ,
1513 2139 1630 2206 31];
1665 2136 1808 2207 quod

122 2226 411 2278 absurdum
460 2229 563 2296 cst3
618 2229 712 2278 aut
757 2244 868 2279 non
914 2226 1015 2277 erit
1062 2229 1172 2277 AB
1198 2251 1267 2267 =
1294 2228 1431 2289 BH,
1480 2228 1573 2277 aut
1617 2227 1809 2276 neutra

15 2314 31 2343 ν)
121 2314 320 2382 neutri,
367 2316 421 2365 et
466 2332 652 2366 rursus
700 2314 758 2366 in
804 2317 1029 2383 utraque
1069 2314 1212 2366 idern
1254 2313 1542 2366 absurdum
1583 2312 1807 2365 eueniet.

123 2419 249 2470 ergo
290 2404 394 2453 EZ
434 2419 529 2470 per
569 2403 643 2468 K,
675 2403 740 2452 H
770 2401 964 2454 ueniet.

866 2617 1063 2671 XXIV.

236 2735 374 2789 Ocni
436 2736 600 2789 sectio
657 2753 777 2787 cum
833 2735 952 2787 coni
1009 2735 1244 2788 sectione
1298 2735 1384 2787 uel
1439 2752 1563 2786 arcu
1618 2734 1806 2787 circuli

123 2823 202 2875 ita
239 2841 348 2876 non
387 2824 678 2892 concurrit,
716 2826 778 2875 ut
815 2840 941 2891 pars
982 2824 1167 2876 eadem
1210 2823 1300 2891 sit,
1347 2839 1474 2890 pars
1513 2838 1621 2873 non
1661 2838 1806 2874 com-

124 2929 312 2963 mumS.
