2046 3256
116 1087 172 1128 10

117 1533 170 1573 15

111 1980 168 2020 20

109 2422 170 2463 25

210 152 320 204 190
681 155 1119 198 COMMENTARIA
1148 156 1432 210 ANTIQUA.

321 274 498 343 δῆλον
547 272 633 342 δέ,
683 270 769 328 ὅτι
815 270 850 343 ἡ
897 276 1274 346 περιαγομένη
1315 274 1513 331 εὐθεῖα
1552 277 1614 333 ἐν
1651 280 1718 351 τῇ
1756 297 1913 350 περι-

208 365 399 435 αγωγῇ
425 366 627 433 μείζων
648 361 741 416 καὶ
768 360 1011 418 ἐλάττων
1027 367 1270 433 γίνεται,
1297 362 1435 420 κατὰ
1462 365 1529 421 δέ
1546 387 1704 432 τινας
1719 367 1914 433 θέσεις

205 450 297 505 καὶ
354 458 444 521 ἴση
508 449 650 522 πρὸς
703 449 840 506 ἄλλο
894 451 987 506 καὶ
1043 452 1181 508 ἄλλο
1238 464 1470 524 σημεῖον
1524 457 1627 511 τοῦ
1680 455 1910 511 κύκλου.

207 539 605 596 ἀποδείκνυται
661 539 724 595 δὲ
767 542 931 596 τοῦτο
982 538 1181 607 οὕτως’
1240 540 1339 597 ἐὰν
1384 542 1574 599 κοίνου
1621 547 1907 615 σκαληνοῦ

206 627 315 684 άπὸ
368 632 468 700 τῆς
519 631 773 701 κορυφῆς
827 630 913 685 ἐπὶ
967 629 1070 701 τὴν
1124 629 1296 701 βάσιν
1351 629 1609 703 ἀχθῶσιν
1666 632 1908 705 εὐθεῖαι,

205 721 402 774 πασῶν
448 721 563 774 τῶν
611 716 718 774 ἀπὸ
765 721 863 789 τῆς
907 728 1165 790 κορυφῆς
1212 719 1300 775 ἐπὶ
1345 718 1449 790 τὴν
1497 719 1670 791 βάσιν
1715 719 1905 793 ἄχθει-

206 810 325 863 σῶν
366 806 611 864 εὐθειῶν
651 812 748 879 μία
787 808 890 879 μέν
930 809 1079 863 ἐστιν
1117 810 1371 881 ἐλαχίστη
1412 813 1511 882 μία
1552 810 1614 866 δὲ
1652 816 1907 883 μεγίστη,

206 895 312 952 δύο
369 896 432 952 δὲ
485 896 656 968 μόναι
708 904 824 952 ἴσαι
870 894 999 968 παρ’
1060 896 1290 968 ἑκάτερα
1335 902 1432 970 τῆς
1480 901 1767 971 ἐλαχίστης
1812 901 1906 956 καὶ

203 988 300 1056 τῆς
339 990 615 1057 μεγίστης,
656 984 742 1041 ἀεὶ
783 985 845 1041 δὲ
883 983 916 1057 ἡ
960 989 1149 1057 ἔγγιον
1181 991 1278 1058 τῆς
1311 990 1598 1059 ἐλαχίστης
1626 992 1725 1060 τῆς
1757 986 1906 1046 ἀπώ-

202 1073 368 1145 τερόν
408 1076 559 1130 ἐστιν
594 1074 859 1131 ἐλάσσων.
922 1078 1061 1130 ἔστω
1094 1079 1276 1141 κῶνος
1308 1076 1604 1148 σκαληνός,
1644 1071 1714 1133 οὗ
1742 1079 1912 1149 βάσις

203 1162 307 1234 μὲν
339 1160 368 1218 ὁ
396 1169 567 1219 ΑΒΓ
590 1163 811 1234 κύκλος,
843 1163 1064 1236 κορυφὴ
1100 1165 1162 1220 δὲ
1192 1168 1254 1221 τὸ
1279 1171 1334 1220 Δ
1359 1178 1611 1237 σημεῖον.
1671 1167 1766 1222 καὶ
1791 1167 1909 1223 ἐπεὶ

201 1250 236 1323 ἡ
278 1249 384 1308 ἀπὸ
423 1256 520 1324 τῆς
558 1257 815 1326 κορυφῆς
850 1257 953 1310 τοῦ
994 1258 1278 1326 σκαληνοῦ
1315 1254 1504 1311 κώνου
1546 1256 1633 1311 ἐπὶ
1665 1259 1727 1311 τὸ
1767 1253 1903 1312 ὑπο-

202 1346 459 1413 κείμενον
502 1344 766 1399 ἐπίπεδον
798 1342 1039 1409 κάθετος
1069 1341 1315 1415 άγομένη
1347 1345 1473 1416 ἤτοι
1507 1344 1594 1400 ἐπὶ
1625 1348 1722 1416 τῆς
1753 1365 1904 1418 περι-

203 1436 430 1503 φερείας
467 1436 570 1488 τοῦ
608 1437 780 1488 ΑΒΓ
784 1438 904 1487 ΖΗ
940 1432 1150 1488 κύκλου
1188 1445 1432 1490 πεσεῖται
1473 1430 1506 1506 ἢ
1549 1435 1702 1500 ἐκτὸς
1739 1430 1773 1505 ἢ
1815 1435 1903 1490 ἐν-

204 1519 324 1590 τός,
373 1522 677 1591 ἐμπιπτέτω
725 1521 1000 1594 πρότερον
1047 1522 1135 1577 ἐπὶ
1177 1525 1274 1593 τῆς
1311 1526 1663 1595 περιφερείας
1702 1520 1775 1588 ὡς
1814 1522 1902 1578 ἐπὶ

203 1611 303 1680 τῆς
341 1609 564 1681 πρώτης
601 1614 959 1683 καταγραφῆς
998 1609 1031 1681 ἡ
1074 1618 1211 1680 ΔΕ,
1253 1612 1345 1666 καὶ
1386 1611 1639 1683 εἰλήφθω
1678 1614 1740 1668 τὸ
1779 1611 1902 1667 κέν-

199 1719 337 1769 τρον
375 1702 477 1754 τοῦ
515 1701 726 1756 κύκλου
763 1701 856 1756 καὶ
897 1705 1034 1756 ἔστω
1075 1704 1136 1756 τὸ
1178 1707 1258 1771 Κ,
1305 1700 1396 1756 καὶ
1435 1698 1541 1756 άπὸ
1581 1703 1682 1757 τοῦ
1723 1707 1775 1755 Ε
1811 1700 1902 1756 ἐπὶ

199 1789 262 1842 τὸ
303 1792 359 1842 Κ
396 1789 705 1860 ἐπεζεύχθω
747 1786 781 1859 ἡ
822 1795 935 1843 ΕΚ
970 1789 1063 1844 καὶ
1099 1788 1460 1860 ἐκβεβλήσθω
1495 1789 1583 1844 ἐπὶ
1615 1792 1678 1845 τὸ
1710 1794 1775 1858 Β,
1805 1789 1899 1844 καὶ

202 1875 514 1947 ἐπεζεύχθω
563 1875 597 1948 ἡ
638 1884 683 1932 Β
698 1885 776 1949 Δ,
823 1878 916 1933 καὶ
964 1878 1331 1949 εἰλήφθωσαν
1371 1877 1475 1933 δύο
1518 1884 1633 1932 ἴσαι
1671 1878 1900 1950 περιφέψ

202 1986 349 2037 ρειαι
402 1964 532 2036 παρ’
594 1965 823 2038 ἑκάτερα
875 1969 979 2021 τοῦ
1035 1973 1087 2021 Ε
1137 1970 1200 2021 αἱ
1251 1973 1378 2036 ΕΖ,
1427 1971 1559 2037 ΕΗ,
1614 1965 1708 2020 καὶ
1761 1963 1894 2038 παρ’

200 2054 430 2127 ἑκάτερα
468 2058 572 2111 τοῦ
602 2061 649 2110 Β
691 2059 753 2111 αἱ
780 2060 905 2126 ΑΒ,
939 2061 1059 2125 ΒΓ,
1098 2056 1190 2111 καὶ
1224 2054 1647 2126 ἐπεζεύχθωσαν
1683 2056 1745 2109 αἰ
1773 2060 1896 2125 ΕΖ,

199 2149 333 2214 ΕΗ,
362 2150 489 2215 ΛΖ,
518 2150 654 2214 ΛΗ,
682 2150 808 2215 ΕΑ,
836 2135 955 2214 ΕΓ,
981 2149 1253 2215 ΑΒ,,ΒΓ,
1280 2151 1415 2213 ΛΑ,
1443 2148 1566 2199 ΛΓ.
1638 2143 1754 2199 ἐπεὶ
1794 2136 1900 2200 οὖν

200 2239 292 2303 ἴση
350 2231 500 2288 ἐστὶν
555 2228 589 2303 ἡ
645 2239 749 2287 ΕΖ
805 2230 1001 2288 εὐθεῖα
1057 2235 1122 2305 τῇ
1174 2237 1295 2288 ΕΗ
1343 2230 1560 2306 εὐθείᾳ·
1615 2239 1739 2298 ἴσας
1790 2230 1898 2305 γὰρ

199 2325 553 2393 περιφερείας
605 2319 1024 2377 ὑποτείνουσιν·
1075 2320 1239 2392 κοινὴ
1289 2320 1351 2377 δὲ
1395 2321 1487 2376 καὶ
1534 2319 1675 2391 πρὸς
1723 2320 1901 2393 ὀρθὰς

206 2407 240 2480 ἡ
292 2414 428 2477 ΔΕ,
474 2407 637 2479 βάσις
683 2407 791 2480 ἄρα
838 2407 872 2481 ἡ
922 2416 1031 2465 ΔΖ
1078 2413 1143 2482 τῇ
1184 2415 1314 2464 ΔΗ
1352 2411 1500 2464 ἐστιν
1548 2416 1656 2480 ἴση.
1731 2409 1903 2465 πάλιν

123 2496 129 2504 ’
201 2497 315 2552 ἐπεὶ
347 2494 382 2567 ἡ
416 2502 522 2551 AB
558 2498 882 2570 περιφέρεια
916 2501 982 2571 τῇ
1014 2503 1125 2553 ΒΓ
1150 2500 1300 2554 ἐστιν
1334 2505 1446 2568 ἴση,
1477 2498 1570 2552 καὶ
1605 2497 1899 2570 διάμετρος

323 2726 362 2765 ὅ.
404 2716 499 2764 ἀπό
534 2747 586 2754 -
619 2714 695 2778 οῗ-]
737 2719 785 2763 in
817 2733 908 2764 ras.
942 2735 1002 2765 m.
1040 2726 1060 2764 1
1094 2720 1168 2763 W.
1307 2719 1359 2769 Ε-
1395 2733 1487 2775 mg.
1515 2719 1589 2763 W.
1734 2724 1775 2764 9.
1816 2717 1892 2776 ἔγ-

199 2795 328 2835 γειον
353 2778 429 2823 W.
554 2782 623 2824 15.
647 2779 750 2835 τῆς]
775 2779 858 2833 τῆς
881 2777 1066 2835 πρώτης
1090 2776 1209 2823 κατά
1234 2778 1295 2822 W
1320 2781 1362 2834 (e
1389 2777 1469 2823 lin.
1490 2780 1580 2834 16).
1697 2782 1765 2823 18.
1791 2773 1891 2822 ἔπι-

198 2838 385 2894 ζεύχθω
410 2838 483 2883 W.
602 2843 673 2882 20.
707 2837 776 2895 Ε]
811 2851 836 2881 e
868 2852 983 2883 corr.
1009 2852 1068 2882 m.
1099 2845 1120 2882 1
1146 2853 1191 2895 p.
1315 2837 1438 2895 EH]
1473 2839 1514 2880 E
1546 2851 1659 2882 corr.
1686 2850 1743 2881 ex
1775 2840 1820 2881 Γ
1844 2851 1893 2894 p.

258 2903 330 2942 22.
371 2898 492 2956 ΒΓ]
535 2900 626 2940 ΑΓ
658 2897 779 2954 Wp‚
821 2910 937 2942 corr.
970 2898 1024 2942 U.
1193 2896 1301 2955 ΔΑ]
1346 2901 1446 2952 ΔΑ,
1481 2900 1567 2939 ΔΒ
1607 2895 1728 2952 Wp;
1777 2910 1893 2942 corr.

199 2956 375 3001 Comm.
500 2962 570 3001 26.
604 2957 716 3014 ΒΓ]
752 2959 848 3000 ΔΓ
875 2955 982 3014 Wp,
1015 2970 1132 3001 corr.
1166 2957 1218 3001 U.

2024 96 2042 173 „qk—2
2043 0 2046 20 Λ
