<?xml version="1.0" encoding="UTF-8"?>
<!DOCTYPE html PUBLIC "-//W3C//DTD XHTML 1.0 Transitional//EN"
    "http://www.w3.org/TR/xhtml1/DTD/xhtml1-transitional.dtd">
<html xmlns="http://www.w3.org/1999/xhtml" xml:lang="en" lang="en">
 <head>
  <title>
</title>
<meta http-equiv="Content-Type" content="text/html;charset=utf-8" />
  <meta name='ocr-system' content='tesseract 3.04.00' />
  <meta name='ocr-capabilities' content='ocr_page ocr_carea ocr_par ocr_line ocrx_word'/>
</head>
<body>
  <div class='ocr_page' id='page_1' title='image "apolloniipergaei02apoluoft_0330.png"; bbox 0 0 2046 3256; ppageno 0'>
   <div class='ocr_carea' id='block_1_1' title="bbox 270 144 1497 204">
    <p class='ocr_par' dir='ltr' id='par_1_1' title="bbox 270 144 1497 204">
     <span class='ocr_line' id='line_1_1' title="bbox 270 144 1497 204; baseline -0.007 -2"><span class='ocrx_word' id='word_1_1' title='bbox 270 148 379 202; x_wconf 81' lang='lat'><strong><em>238</em></strong></span> <span class='ocrx_word' id='word_1_2' title='bbox 744 150 1185 194; x_wconf 80' lang='lat' dir='ltr'>COMMENTARIA</span> <span class='ocrx_word' id='word_1_3' title='bbox 1213 144 1497 204; x_wconf 73' lang='lat' dir='ltr'><strong>ANTIQUA</strong></span> 
     </span>
    </p>
   </div>
   <div class='ocr_carea' id='block_1_2' title="bbox 164 264 1972 2830">
    <p class='ocr_par' dir='ltr' id='par_1_2' title="bbox 164 264 1972 2829">
     <span class='ocr_line' id='line_1_2' title="bbox 270 264 1972 342; baseline 0.002 -19"><span class='ocrx_word' id='word_1_4' title='bbox 270 265 356 324; x_wconf 80' lang='grc' dir='ltr'><strong><em>ὅτι</em></strong></span> <span class='ocrx_word' id='word_1_5' title='bbox 402 264 436 340; x_wconf 77' lang='grc' dir='ltr'>ἡ</span> <span class='ocrx_word' id='word_1_6' title='bbox 476 273 542 323; x_wconf 93' lang='lat' dir='ltr'><em>H</em></span> <span class='ocrx_word' id='word_1_7' title='bbox 551 274 605 323; x_wconf 83' lang='lat' dir='ltr'><em>A</em></span> <span class='ocrx_word' id='word_1_8' title='bbox 654 268 1031 341; x_wconf 81' lang='grc' dir='ltr'><em>ἐκβαλλομένη</em></span> <span class='ocrx_word' id='word_1_9' title='bbox 1077 266 1166 340; x_wconf 86' lang='grc' dir='ltr'><strong><em>ἐφ’</em></strong></span> <span class='ocrx_word' id='word_1_10' title='bbox 1219 267 1449 339; x_wconf 79' lang='grc' dir='ltr'><strong><em>ἑκάτερα</em></strong></span> <span class='ocrx_word' id='word_1_11' title='bbox 1487 270 1554 325; x_wconf 82' lang='grc' dir='ltr'><strong><em>τὰ</em></strong></span> <span class='ocrx_word' id='word_1_12' title='bbox 1595 267 1734 342; x_wconf 90' lang='grc' dir='ltr'><strong><em>μέρη</em></strong></span> <span class='ocrx_word' id='word_1_13' title='bbox 1775 285 1972 342; x_wconf 87' lang='grc' dir='ltr'><strong><em>συμπε-</em></strong></span> 
     </span>
     <span class='ocr_line' id='line_1_3' title="bbox 269 360 747 431; baseline 0 -19"><span class='ocrx_word' id='word_1_14' title='bbox 269 360 446 413; x_wconf 82' lang='grc' dir='ltr'><strong><em>σεῐται</em></strong></span> <span class='ocrx_word' id='word_1_15' title='bbox 485 360 550 430; x_wconf 84' lang='grc' dir='ltr'><strong><em>τῇ</em></strong></span> <span class='ocrx_word' id='word_1_16' title='bbox 593 361 747 431; x_wconf 80' lang='grc' dir='ltr'><strong><em>τομῇ.</em></strong></span> 
     </span>
     <span class='ocr_line' id='line_1_4' title="bbox 382 445 1972 520; baseline 0.001 -18"><span class='ocrx_word' id='word_1_17' title='bbox 382 445 542 518; x_wconf 89' lang='grc' dir='ltr'><strong><em>ἤχθω</em></strong></span> <span class='ocrx_word' id='word_1_18' title='bbox 591 445 697 519; x_wconf 79' lang='grc' dir='ltr'><strong><em>γάρ</em></strong></span> <span class='ocrx_word' id='word_1_19' title='bbox 744 469 827 512; x_wconf 84' lang='grc' dir='ltr'><strong><em>τις</em></strong></span> <span class='ocrx_word' id='word_1_20' title='bbox 867 445 959 502; x_wconf 78' lang='grc' dir='ltr'><strong><em>διὰ</em></strong></span> <span class='ocrx_word' id='word_1_21' title='bbox 1001 449 1103 502; x_wconf 85' lang='grc' dir='ltr'><strong><em>τοῦ</em></strong></span> <span class='ocrx_word' id='word_1_22' title='bbox 1143 454 1196 502; x_wconf 91' lang='lat' dir='ltr'><em>A</em></span> <span class='ocrx_word' id='word_1_23' title='bbox 1234 447 1727 520; x_wconf 78' lang='grc' dir='ltr'><strong><em>παρατεταγμένως</em></strong></span> <span class='ocrx_word' id='word_1_24' title='bbox 1763 447 1798 520; x_wconf 78' lang='grc' dir='ltr'><em>ἡ</em></span> <span class='ocrx_word' id='word_1_25' title='bbox 1841 453 1972 503; x_wconf 89' lang='grc' dir='ltr'><strong><em>ΛΕ·</em></strong></span> 
     </span>
     <span class='ocr_line' id='line_1_5' title="bbox 268 533 1514 609; baseline 0.002 -19"><span class='ocrx_word' id='word_1_26' title='bbox 268 533 302 606; x_wconf 80' lang='grc' dir='ltr'>ἡ</span> <span class='ocrx_word' id='word_1_27' title='bbox 343 542 461 591; x_wconf 93' lang='grc' dir='ltr'><strong><em>ΛΕ</em></strong></span> <span class='ocrx_word' id='word_1_28' title='bbox 496 536 607 609; x_wconf 76' lang='grc' dir='ltr'><strong><em>ἄρα</em></strong></span> <span class='ocrx_word' id='word_1_29' title='bbox 648 537 802 602; x_wconf 84' lang='grc' dir='ltr'><strong><em>ἐκτὸς</em></strong></span> <span class='ocrx_word' id='word_1_30' title='bbox 840 547 1086 592; x_wconf 80' lang='grc' dir='ltr'><strong><em>πεσεῖται</em></strong></span> <span class='ocrx_word' id='word_1_31' title='bbox 1125 539 1223 607; x_wconf 85' lang='grc' dir='ltr'><strong><em>τῆς</em></strong></span> <span class='ocrx_word' id='word_1_32' title='bbox 1262 539 1447 608; x_wconf 83' lang='grc' dir='ltr'><strong><em>τομῆς.</em></strong></span> <span class='ocrx_word' id='word_1_33' title='bbox 1503 589 1514 600; x_wconf 82' lang='lat'><em>,</em></span> 
     </span>
     <span class='ocr_line' id='line_1_6' title="bbox 380 621 1895 699; baseline 0 -17"><span class='ocrx_word' id='word_1_34' title='bbox 380 624 505 696; x_wconf 88' lang='grc' dir='ltr'><strong><em>ἤτοι</em></strong></span> <span class='ocrx_word' id='word_1_35' title='bbox 547 624 617 697; x_wconf 83' lang='grc' dir='ltr'><strong><em>δὴ</em></strong></span> <span class='ocrx_word' id='word_1_36' title='bbox 657 622 692 696; x_wconf 81' lang='grc' dir='ltr'><em>ἡ</em></span> <span class='ocrx_word' id='word_1_37' title='bbox 733 630 856 680; x_wconf 92' lang='grc' dir='ltr'><strong><em>ΗΔ</em></strong></span> <span class='ocrx_word' id='word_1_38' title='bbox 893 627 959 699; x_wconf 82' lang='grc' dir='ltr'><strong><em>τῇ</em></strong></span> <span class='ocrx_word' id='word_1_39' title='bbox 999 631 1113 680; x_wconf 92' lang='grc' dir='ltr'><strong><em>ΛΕ</em></strong></span> <span class='ocrx_word' id='word_1_40' title='bbox 1148 624 1505 698; x_wconf 78' lang='grc' dir='ltr'><strong><em>παράλληλός</em></strong></span> <span class='ocrx_word' id='word_1_41' title='bbox 1545 627 1697 681; x_wconf 88' lang='grc' dir='ltr'><strong><em>ἐστιν</em></strong></span> <span class='ocrx_word' id='word_1_42' title='bbox 1736 621 1771 697; x_wconf 83' lang='grc' dir='ltr'>ἢ</span> <span class='ocrx_word' id='word_1_43' title='bbox 1812 625 1895 683; x_wconf 79' lang='grc' dir='ltr'><strong><em>οὔ.</em></strong></span> 
     </span>
     <span class='ocr_line' id='line_1_7' title="bbox 379 706 1971 788; baseline 0.001 -18"><span class='ocrx_word' id='word_1_44' title='bbox 379 717 431 770; x_wconf 83' lang='grc' dir='ltr'><strong><em>εἰ</em></strong></span> <span class='ocrx_word' id='word_1_45' title='bbox 483 714 586 787; x_wconf 75' lang='grc' dir='ltr'><strong><em>μὲν</em></strong></span> <span class='ocrx_word' id='word_1_46' title='bbox 643 706 749 770; x_wconf 77' lang='grc' dir='ltr'><strong><em>οὖν</em></strong></span> <span class='ocrx_word' id='word_1_47' title='bbox 803 713 1158 787; x_wconf 80' lang='grc' dir='ltr'><strong><em>παράλληλός</em></strong></span> <span class='ocrx_word' id='word_1_48' title='bbox 1206 716 1384 785; x_wconf 87' lang='grc' dir='ltr'><strong><em>ἐστιν,</em></strong></span> <span class='ocrx_word' id='word_1_49' title='bbox 1441 712 1581 787; x_wconf 81' lang='grc' dir='ltr'><strong><em>αὐτὴ</em></strong></span> <span class='ocrx_word' id='word_1_50' title='bbox 1628 715 1971 788; x_wconf 74' lang='grc' dir='ltr'><strong><em>τεταγμένως</em></strong></span> 
     </span>
     <span class='ocr_line' id='line_1_8' title="bbox 264 801 1968 877; baseline 0.001 -18"><span class='ocrx_word' id='word_1_51' title='bbox 264 806 550 875; x_wconf 82' lang='grc' dir='ltr'><strong><em>κατῆκται·</em></strong></span> <span class='ocrx_word' id='word_1_52' title='bbox 606 801 747 859; x_wconf 70' lang='grc' dir='ltr'><strong><em>ὥστε</em></strong></span> <span class='ocrx_word' id='word_1_53' title='bbox 795 805 1172 876; x_wconf 82' lang='grc' dir='ltr'><strong><em>ἐκβαλλομένη</em></strong></span> <span class='ocrx_word' id='word_1_54' title='bbox 1221 801 1310 875; x_wconf 84' lang='grc' dir='ltr'><strong><em>ἐφ’</em></strong></span> <span class='ocrx_word' id='word_1_55' title='bbox 1363 802 1621 876; x_wconf 75' lang='grc' dir='ltr'><strong><em>ἑκάτερα,</em></strong></span> <span class='ocrx_word' id='word_1_56' title='bbox 1675 804 1791 860; x_wconf 90' lang='grc' dir='ltr'><strong><em>ἐπεὶ</em></strong></span> <span class='ocrx_word' id='word_1_57' title='bbox 1840 807 1968 877; x_wconf 80' lang='grc' dir='ltr'><strong><em>δίχα</em></strong></span> 
     </span>
     <span class='ocr_line' id='line_1_9' title="bbox 262 890 1879 967; baseline 0.002 -19"><span class='ocrx_word' id='word_1_58' title='bbox 262 894 519 965; x_wconf 82' lang='grc' dir='ltr'><strong><em>τέμνεται</em></strong></span> <span class='ocrx_word' id='word_1_59' title='bbox 558 890 668 949; x_wconf 81' lang='grc' dir='ltr'><strong><em>ὑπὸ</em></strong></span> <span class='ocrx_word' id='word_1_60' title='bbox 708 895 807 964; x_wconf 85' lang='grc' dir='ltr'><strong><em>τῆς</em></strong></span> <span class='ocrx_word' id='word_1_61' title='bbox 848 894 1175 966; x_wconf 81' lang='grc' dir='ltr'><strong><em>διαμέτρου,</em></strong></span> <span class='ocrx_word' id='word_1_62' title='bbox 1216 903 1576 965; x_wconf 82' lang='grc' dir='ltr'><strong><em>συμπεσεῖται</em></strong></span> <span class='ocrx_word' id='word_1_63' title='bbox 1614 901 1682 967; x_wconf 84' lang='grc' dir='ltr'><strong><em>τῇ</em></strong></span> <span class='ocrx_word' id='word_1_64' title='bbox 1720 897 1879 967; x_wconf 79' lang='grc' dir='ltr'><strong><em>τομῇ.</em></strong></span> 
     </span>
     <span class='ocr_line' id='line_1_10' title="bbox 377 980 1966 1055; baseline 0.002 -18"><span class='ocrx_word' id='word_1_65' title='bbox 377 981 451 1053; x_wconf 81' lang='grc' dir='ltr'><strong><em>μὴ</em></strong></span> <span class='ocrx_word' id='word_1_66' title='bbox 494 985 632 1038; x_wconf 80' lang='grc' dir='ltr'><strong><em>ἔστω</em></strong></span> <span class='ocrx_word' id='word_1_67' title='bbox 667 980 737 1053; x_wconf 81' lang='grc' dir='ltr'><strong><em>δὴ</em></strong></span> <span class='ocrx_word' id='word_1_68' title='bbox 770 981 1124 1055; x_wconf 80' lang='grc' dir='ltr'><strong><em>παράλληλος</em></strong></span> <span class='ocrx_word' id='word_1_69' title='bbox 1155 984 1221 1055; x_wconf 82' lang='grc' dir='ltr'><strong><em>τῇ</em></strong></span> <span class='ocrx_word' id='word_1_70' title='bbox 1255 987 1382 1053; x_wconf 91' lang='grc' dir='ltr'><strong><em>ΛΕ,</em></strong></span> <span class='ocrx_word' id='word_1_71' title='bbox 1417 980 1557 1037; x_wconf 76' lang='grc' dir='ltr'><strong><em>ἀλλὰ</em></strong></span> <span class='ocrx_word' id='word_1_72' title='bbox 1592 983 1966 1055; x_wconf 81' lang='grc' dir='ltr'><strong><em>ἐκβαλλομένη</em></strong></span> 
     </span>
     <span class='ocr_line' id='line_1_11' title="bbox 175 1068 1663 1144; baseline 0.001 -18"><span class='ocrx_word' id='word_1_73' title='bbox 175 1087 230 1127; x_wconf 88' lang='lat'><strong><em>10</em></strong></span> <span class='ocrx_word' id='word_1_74' title='bbox 263 1072 614 1143; x_wconf 84' lang='grc' dir='ltr'><strong><em>συμπιπτέτω</em></strong></span> <span class='ocrx_word' id='word_1_75' title='bbox 655 1074 721 1144; x_wconf 83' lang='grc' dir='ltr'><strong><em>τῇ</em></strong></span> <span class='ocrx_word' id='word_1_76' title='bbox 762 1077 878 1127; x_wconf 91' lang='grc' dir='ltr'><strong><em>ΛΕ</em></strong></span> <span class='ocrx_word' id='word_1_77' title='bbox 911 1073 1050 1127; x_wconf 82' lang='grc' dir='ltr'><strong><em>κατὰ</em></strong></span> <span class='ocrx_word' id='word_1_78' title='bbox 1090 1070 1152 1126; x_wconf 87' lang='grc' dir='ltr'><strong><em>τὸ</em></strong></span> <span class='ocrx_word' id='word_1_79' title='bbox 1195 1077 1247 1126; x_wconf 92' lang='grc' dir='ltr'><em>Ε</em></span> <span class='ocrx_word' id='word_1_80' title='bbox 1284 1068 1358 1137; x_wconf 77' lang='grc' dir='ltr'><strong><em>ὡς</em></strong></span> <span class='ocrx_word' id='word_1_81' title='bbox 1397 1068 1431 1142; x_wconf 78' lang='grc' dir='ltr'>ἡ</span> <span class='ocrx_word' id='word_1_82' title='bbox 1472 1076 1663 1128; x_wconf 89' lang='grc' dir='ltr'><em>ΗΔΕ.</em></span> 
     </span>
     <span class='ocr_line' id='line_1_12' title="bbox 376 1153 1968 1234; baseline 0 -18"><span class='ocrx_word' id='word_1_83' title='bbox 376 1158 461 1216; x_wconf 78' lang='grc' dir='ltr'><strong><em>ὅτι</em></strong></span> <span class='ocrx_word' id='word_1_84' title='bbox 509 1160 611 1232; x_wconf 76' lang='grc' dir='ltr'><strong><em>μὲν</em></strong></span> <span class='ocrx_word' id='word_1_85' title='bbox 663 1153 767 1216; x_wconf 78' lang='grc' dir='ltr'><strong><em>οὖν</em></strong></span> <span class='ocrx_word' id='word_1_86' title='bbox 822 1163 888 1234; x_wconf 80' lang='grc' dir='ltr'><strong><em>τῇ</em></strong></span> <span class='ocrx_word' id='word_1_87' title='bbox 935 1163 1077 1233; x_wconf 81' lang='grc' dir='ltr'><strong><em>τομῇ</em></strong></span> <span class='ocrx_word' id='word_1_88' title='bbox 1127 1159 1216 1215; x_wconf 87' lang='grc' dir='ltr'><strong><em>ἐπὶ</em></strong></span> <span class='ocrx_word' id='word_1_89' title='bbox 1262 1159 1328 1216; x_wconf 80' lang='grc' dir='ltr'><strong><em>τὰ</em></strong></span> <span class='ocrx_word' id='word_1_90' title='bbox 1378 1160 1536 1232; x_wconf 79' lang='grc' dir='ltr'><strong><em>ἕτερα</em></strong></span> <span class='ocrx_word' id='word_1_91' title='bbox 1584 1161 1721 1234; x_wconf 90' lang='grc' dir='ltr'><strong><em>μέρη</em></strong></span> <span class='ocrx_word' id='word_1_92' title='bbox 1770 1165 1968 1233; x_wconf 82' lang='grc' dir='ltr'><strong><em>συμπί-</em></strong></span> 
     </span>
     <span class='ocr_line' id='line_1_13' title="bbox 262 1246 1965 1322; baseline 0.001 -17"><span class='ocrx_word' id='word_1_93' title='bbox 262 1271 400 1321; x_wconf 89' lang='grc' dir='ltr'><strong><em>πτει,</em></strong></span> <span class='ocrx_word' id='word_1_94' title='bbox 442 1246 596 1320; x_wconf 76' lang='grc' dir='ltr'><strong><em>ἐφ’-ἅ</em></strong></span> <span class='ocrx_word' id='word_1_95' title='bbox 630 1251 745 1305; x_wconf 83' lang='grc' dir='ltr'><strong><em>ἐστι</em></strong></span> <span class='ocrx_word' id='word_1_96' title='bbox 776 1248 838 1305; x_wconf 85' lang='grc' dir='ltr'><strong><em>τὸ</em></strong></span> <span class='ocrx_word' id='word_1_97' title='bbox 874 1256 947 1320; x_wconf 89' lang='grc' dir='ltr'><strong><em>Ε,</em></strong></span> <span class='ocrx_word' id='word_1_98' title='bbox 990 1252 1189 1321; x_wconf 78' lang='grc' dir='ltr'><strong><em>δῆλον·</em></strong></span> <span class='ocrx_word' id='word_1_99' title='bbox 1230 1252 1281 1304; x_wconf 84' lang='grc' dir='ltr'><strong><em>εἰ</em></strong></span> <span class='ocrx_word' id='word_1_100' title='bbox 1317 1247 1424 1321; x_wconf 80' lang='grc' dir='ltr'><strong><em>γὰρ</em></strong></span> <span class='ocrx_word' id='word_1_101' title='bbox 1464 1257 1530 1321; x_wconf 83' lang='grc' dir='ltr'><strong><em>τῇ</em></strong></span> <span class='ocrx_word' id='word_1_102' title='bbox 1572 1255 1687 1304; x_wconf 94' lang='grc' dir='ltr'><strong><em>ΛΕ</em></strong></span> <span class='ocrx_word' id='word_1_103' title='bbox 1723 1249 1965 1322; x_wconf 77' lang='grc' dir='ltr'><strong><em>συμβάλ-</em></strong></span> 
     </span>
     <span class='ocr_line' id='line_1_14' title="bbox 259 1337 1425 1412; baseline 0 -19"><span class='ocrx_word' id='word_1_104' title='bbox 259 1345 360 1409; x_wconf 88' lang='grc' dir='ltr'><strong><em>λει,</em></strong></span> <span class='ocrx_word' id='word_1_105' title='bbox 400 1337 546 1394; x_wconf 86' lang='grc' dir='ltr'><strong><em>πολὺ</em></strong></span> <span class='ocrx_word' id='word_1_106' title='bbox 585 1337 860 1412; x_wconf 89' lang='grc' dir='ltr'><strong><em>πρότερον</em></strong></span> <span class='ocrx_word' id='word_1_107' title='bbox 899 1350 1055 1410; x_wconf 80' lang='grc' dir='ltr'><strong><em>τεμεῖ</em></strong></span> <span class='ocrx_word' id='word_1_108' title='bbox 1088 1337 1192 1410; x_wconf 81' lang='grc' dir='ltr'><strong><em>τὴν</em></strong></span> <span class='ocrx_word' id='word_1_109' title='bbox 1231 1337 1425 1410; x_wconf 84' lang='grc' dir='ltr'><strong><em>τομήν.</em></strong></span> 
     </span>
     <span class='ocr_line' id='line_1_15' title="bbox 372 1426 1960 1500; baseline 0.001 -17"><span class='ocrx_word' id='word_1_110' title='bbox 372 1428 533 1499; x_wconf 80' lang='grc' dir='ltr'><strong><em>λέγω,</em></strong></span> <span class='ocrx_word' id='word_1_111' title='bbox 575 1426 659 1483; x_wconf 83' lang='grc' dir='ltr'><strong><em>ὅτι</em></strong></span> <span class='ocrx_word' id='word_1_112' title='bbox 699 1428 792 1483; x_wconf 86' lang='grc' dir='ltr'><strong><em>καὶ</em></strong></span> <span class='ocrx_word' id='word_1_113' title='bbox 833 1428 920 1483; x_wconf 87' lang='grc' dir='ltr'><strong><em>ἐπὶ</em></strong></span> <span class='ocrx_word' id='word_1_114' title='bbox 953 1427 1018 1483; x_wconf 82' lang='grc' dir='ltr'><strong><em>τὰ</em></strong></span> <span class='ocrx_word' id='word_1_115' title='bbox 1052 1427 1211 1500; x_wconf 63' lang='grc' dir='ltr'><strong><em>ἕτερα</em></strong></span> <span class='ocrx_word' id='word_1_116' title='bbox 1243 1428 1381 1499; x_wconf 88' lang='grc' dir='ltr'><strong><em>μέρη</em></strong></span> <span class='ocrx_word' id='word_1_117' title='bbox 1416 1427 1793 1499; x_wconf 84' lang='grc' dir='ltr'><strong><em>ἐκβαλλομένη</em></strong></span> <span class='ocrx_word' id='word_1_118' title='bbox 1827 1444 1960 1499; x_wconf 92' lang='grc' dir='ltr'><strong><em>συμ-</em></strong></span> 
     </span>
     <span class='ocr_line' id='line_1_16' title="bbox 171 1520 746 1590; baseline 0.003 -19"><span class='ocrx_word' id='word_1_119' title='bbox 171 1531 225 1572; x_wconf 88' lang='lat'><strong><em>15</em></strong></span> <span class='ocrx_word' id='word_1_120' title='bbox 260 1521 445 1573; x_wconf 85' lang='grc' dir='ltr'><strong><em>πίπτει</em></strong></span> <span class='ocrx_word' id='word_1_121' title='bbox 484 1520 551 1590; x_wconf 79' lang='grc' dir='ltr'><strong><em>τῇ</em></strong></span> <span class='ocrx_word' id='word_1_122' title='bbox 591 1520 746 1590; x_wconf 80' lang='grc' dir='ltr'><strong><em>τομῇ.</em></strong></span> 
     </span>
     <span class='ocr_line' id='line_1_17' title="bbox 370 1601 1963 1678; baseline -0.001 -17"><span class='ocrx_word' id='word_1_123' title='bbox 370 1610 508 1662; x_wconf 81' lang='grc' dir='ltr'><strong><em>ἔστω</em></strong></span> <span class='ocrx_word' id='word_1_124' title='bbox 565 1604 674 1678; x_wconf 77' lang='grc' dir='ltr'><strong><em>γὰρ</em></strong></span> <span class='ocrx_word' id='word_1_125' title='bbox 728 1603 860 1678; x_wconf 86' lang='grc' dir='ltr'><strong><em>παρ’</em></strong></span> <span class='ocrx_word' id='word_1_126' title='bbox 920 1601 992 1677; x_wconf 81' lang='grc' dir='ltr'><strong><em>ἣν</em></strong></span> <span class='ocrx_word' id='word_1_127' title='bbox 1050 1604 1324 1661; x_wconf 82' lang='grc' dir='ltr'><strong><em>δύνανται</em></strong></span> <span class='ocrx_word' id='word_1_128' title='bbox 1383 1602 1417 1676; x_wconf 77' lang='grc' dir='ltr'>ἡ</span> <span class='ocrx_word' id='word_1_129' title='bbox 1467 1611 1619 1676; x_wconf 94' lang='grc' dir='ltr'><strong><em>ΜΛ,</em></strong></span> <span class='ocrx_word' id='word_1_130' title='bbox 1674 1604 1767 1660; x_wconf 84' lang='grc' dir='ltr'><strong><em>καὶ</em></strong></span> <span class='ocrx_word' id='word_1_131' title='bbox 1819 1605 1963 1676; x_wconf 91' lang='grc' dir='ltr'><strong><em>ἐκβε-</em></strong></span> 
     </span>
     <span class='ocr_line' id='line_1_18' title="bbox 259 1691 1963 1767; baseline -0.001 -17"><span class='ocrx_word' id='word_1_132' title='bbox 259 1694 494 1765; x_wconf 88' lang='grc' dir='ltr'><strong><em>βλήσθω</em></strong></span> <span class='ocrx_word' id='word_1_133' title='bbox 536 1695 619 1750; x_wconf 86' lang='grc' dir='ltr'><strong><em>ἐπ’</em></strong></span> <span class='ocrx_word' id='word_1_134' title='bbox 658 1692 884 1761; x_wconf 80' lang='grc' dir='ltr'><strong><em>εὐθείας</em></strong></span> <span class='ocrx_word' id='word_1_135' title='bbox 924 1691 1063 1767; x_wconf 80' lang='grc' dir='ltr'><strong><em>αὐτῇ</em></strong></span> <span class='ocrx_word' id='word_1_136' title='bbox 1104 1691 1138 1765; x_wconf 83' lang='grc' dir='ltr'><em>ἡ</em></span> <span class='ocrx_word' id='word_1_137' title='bbox 1179 1700 1310 1749; x_wconf 92' lang='grc' dir='ltr'><strong><em>ΛΖ·</em></strong></span> <span class='ocrx_word' id='word_1_138' title='bbox 1357 1691 1391 1765; x_wconf 81' lang='grc' dir='ltr'>ἡ</span> <span class='ocrx_word' id='word_1_139' title='bbox 1434 1699 1560 1749; x_wconf 91' lang='lat' dir='ltr'><strong><em>MA</em></strong></span> <span class='ocrx_word' id='word_1_140' title='bbox 1598 1694 1710 1767; x_wconf 77' lang='grc' dir='ltr'><strong><em>ἄρα</em></strong></span> <span class='ocrx_word' id='word_1_141' title='bbox 1747 1695 1813 1766; x_wconf 80' lang='grc' dir='ltr'><strong><em>τῇ</em></strong></span> <span class='ocrx_word' id='word_1_142' title='bbox 1853 1699 1963 1749; x_wconf 93' lang='grc' dir='ltr'><strong><em>ΛΒ</em></strong></span> 
     </span>
     <span class='ocr_line' id='line_1_19' title="bbox 256 1773 1962 1855; baseline -0.001 -16"><span class='ocrx_word' id='word_1_143' title='bbox 256 1781 395 1855; x_wconf 86' lang='grc' dir='ltr'><strong><em>πρὸς</em></strong></span> <span class='ocrx_word' id='word_1_144' title='bbox 436 1782 616 1855; x_wconf 79' lang='grc' dir='ltr'><strong><em>ὀρθάς</em></strong></span> <span class='ocrx_word' id='word_1_145' title='bbox 656 1773 822 1840; x_wconf 84' lang='grc' dir='ltr'><strong><em>ἐστιν.</em></strong></span> <span class='ocrx_word' id='word_1_146' title='bbox 899 1783 1253 1855; x_wconf 83' lang='grc' dir='ltr'><strong><em>πεποιήσθω,</em></strong></span> <span class='ocrx_word' id='word_1_147' title='bbox 1304 1780 1378 1849; x_wconf 77' lang='grc' dir='ltr'><strong><em>ὡς</em></strong></span> <span class='ocrx_word' id='word_1_148' title='bbox 1415 1783 1479 1838; x_wconf 90' lang='grc' dir='ltr'><strong><em>τὸ</em></strong></span> <span class='ocrx_word' id='word_1_149' title='bbox 1521 1781 1630 1838; x_wconf 78' lang='grc' dir='ltr'><strong><em>ἀπὸ</em></strong></span> <span class='ocrx_word' id='word_1_150' title='bbox 1672 1788 1785 1838; x_wconf 92' lang='grc' dir='ltr'><strong><em>ΛΕ</em></strong></span> <span class='ocrx_word' id='word_1_151' title='bbox 1819 1780 1962 1854; x_wconf 86' lang='grc' dir='ltr'><strong><em>πρὸς</em></strong></span> 
     </span>
     <span class='ocr_line' id='line_1_20' title="bbox 255 1870 1958 1945; baseline -0.001 -17"><span class='ocrx_word' id='word_1_152' title='bbox 255 1871 317 1928; x_wconf 87' lang='grc' dir='ltr'><strong><em>τὸ</em></strong></span> <span class='ocrx_word' id='word_1_153' title='bbox 359 1879 535 1928; x_wconf 89' lang='grc' dir='ltr'><strong><em>ΑΕΔ</em></strong></span> <span class='ocrx_word' id='word_1_154' title='bbox 573 1877 878 1945; x_wconf 76' lang='grc' dir='ltr'><strong><em>τρίγωνον,</em></strong></span> <span class='ocrx_word' id='word_1_155' title='bbox 920 1870 1098 1937; x_wconf 78' lang='grc' dir='ltr'><strong><em>οὕτως</em></strong></span> <span class='ocrx_word' id='word_1_156' title='bbox 1137 1870 1170 1943; x_wconf 82' lang='grc' dir='ltr'>ἡ</span> <span class='ocrx_word' id='word_1_157' title='bbox 1212 1878 1340 1928; x_wconf 89' lang='grc' dir='ltr'><strong><em>ΜΛ</em></strong></span> <span class='ocrx_word' id='word_1_158' title='bbox 1378 1870 1518 1944; x_wconf 89' lang='grc' dir='ltr'><strong><em>πρὸς</em></strong></span> <span class='ocrx_word' id='word_1_159' title='bbox 1557 1877 1692 1942; x_wconf 91' lang='grc' dir='ltr'><strong><em>ΛΖ,</em></strong></span> <span class='ocrx_word' id='word_1_160' title='bbox 1731 1870 1822 1927; x_wconf 90' lang='grc' dir='ltr'><strong><em>καὶ</em></strong></span> <span class='ocrx_word' id='word_1_161' title='bbox 1863 1871 1958 1926; x_wconf 79' lang='grc' dir='ltr'><strong><em>διὰ</em></strong></span> 
     </span>
     <span class='ocr_line' id='line_1_21' title="bbox 169 1960 1960 2035; baseline 0 -21"><span class='ocrx_word' id='word_1_162' title='bbox 169 1975 224 2016; x_wconf 73' lang='grc'><strong><em>20</em></strong></span> <span class='ocrx_word' id='word_1_163' title='bbox 257 1965 370 2017; x_wconf 75' lang='grc' dir='ltr'><strong><em>τῶν</em></strong></span> <span class='ocrx_word' id='word_1_164' title='bbox 411 1968 492 2031; x_wconf 94' lang='grc' dir='ltr'><strong><em>Μ,</em></strong></span> <span class='ocrx_word' id='word_1_165' title='bbox 527 1967 572 2016; x_wconf 92' lang='grc' dir='ltr'><strong><em>Ζ</em></strong></span> <span class='ocrx_word' id='word_1_166' title='bbox 610 1965 676 2035; x_wconf 80' lang='grc' dir='ltr'><strong><em>τῇ</em></strong></span> <span class='ocrx_word' id='word_1_167' title='bbox 711 1967 818 2017; x_wconf 93' lang='grc' dir='ltr'><strong><em>ΛΒ</em></strong></span> <span class='ocrx_word' id='word_1_168' title='bbox 859 1960 1207 2034; x_wconf 76' lang='grc' dir='ltr'><strong><em>παράλληλοι</em></strong></span> <span class='ocrx_word' id='word_1_169' title='bbox 1246 1961 1519 2032; x_wconf 80' lang='grc' dir='ltr'><strong><em>ἤχθωσαν</em></strong></span> <span class='ocrx_word' id='word_1_170' title='bbox 1551 1962 1613 2015; x_wconf 76' lang='grc' dir='ltr'><strong><em>αἱ</em></strong></span> <span class='ocrx_word' id='word_1_171' title='bbox 1642 1965 1770 2030; x_wconf 88' lang='grc' dir='ltr'><strong><em>ΖΚ,</em></strong></span> <span class='ocrx_word' id='word_1_172' title='bbox 1805 1964 1960 2014; x_wconf 92' lang='grc' dir='ltr'><strong><em>ΜΝ·</em></strong></span> 
     </span>
     <span class='ocr_line' id='line_1_22' title="bbox 254 2044 1961 2126; baseline -0.001 -21"><span class='ocrx_word' id='word_1_173' title='bbox 254 2049 670 2123; x_wconf 79' lang='grc' dir='ltr'><strong><em>τετραπλεύρου</em></strong></span> <span class='ocrx_word' id='word_1_174' title='bbox 711 2044 818 2106; x_wconf 75' lang='grc' dir='ltr'><strong><em>οὖν</em></strong></span> <span class='ocrx_word' id='word_1_175' title='bbox 859 2049 1023 2116; x_wconf 81' lang='grc' dir='ltr'><strong><em>ὄντος</em></strong></span> <span class='ocrx_word' id='word_1_176' title='bbox 1060 2053 1310 2126; x_wconf 14' lang='grc' dir='ltr'><strong><em>τοῦῦΛΛ</em></strong></span> <span class='ocrx_word' id='word_1_177' title='bbox 1321 2055 1451 2105; x_wconf 92' lang='grc' dir='ltr'><strong><em>ΔΗ</em></strong></span> <span class='ocrx_word' id='word_1_178' title='bbox 1472 2049 1564 2104; x_wconf 89' lang='grc' dir='ltr'><strong><em>καὶ</em></strong></span> <span class='ocrx_word' id='word_1_179' title='bbox 1596 2049 1755 2105; x_wconf 86' lang='grc' dir='ltr'><strong><em>θέσει</em></strong></span> <span class='ocrx_word' id='word_1_180' title='bbox 1789 2045 1961 2119; x_wconf 76' lang='grc' dir='ltr'><strong><em>οὔσης</em></strong></span> 
     </span>
     <span class='ocr_line' id='line_1_23' title="bbox 253 2134 1957 2212; baseline -0.001 -18"><span class='ocrx_word' id='word_1_181' title='bbox 253 2143 348 2211; x_wconf 85' lang='grc' dir='ltr'><strong><em>τῆς</em></strong></span> <span class='ocrx_word' id='word_1_182' title='bbox 396 2145 509 2195; x_wconf 95' lang='grc' dir='ltr'><strong><em>ΛΛ</em></strong></span> <span class='ocrx_word' id='word_1_183' title='bbox 556 2138 715 2212; x_wconf 88' lang='grc' dir='ltr'><strong><em>ἤχθω</em></strong></span> <span class='ocrx_word' id='word_1_184' title='bbox 763 2142 830 2212; x_wconf 76' lang='grc' dir='ltr'><strong><em>τῇ</em></strong></span> <span class='ocrx_word' id='word_1_185' title='bbox 878 2145 992 2194; x_wconf 93' lang='grc' dir='ltr'><strong><em>ΛΛ</em></strong></span> <span class='ocrx_word' id='word_1_186' title='bbox 1035 2138 1389 2210; x_wconf 80' lang='grc' dir='ltr'><strong><em>παράλληλος</em></strong></span> <span class='ocrx_word' id='word_1_187' title='bbox 1435 2135 1469 2209; x_wconf 77' lang='grc' dir='ltr'>ἡ</span> <span class='ocrx_word' id='word_1_188' title='bbox 1510 2142 1563 2194; x_wconf 91' lang='grc' dir='ltr'><em>Γ</em></span> <span class='ocrx_word' id='word_1_189' title='bbox 1565 2143 1675 2193; x_wconf 92' lang='grc' dir='ltr'><strong><em>ΚΒ</em></strong></span> <span class='ocrx_word' id='word_1_190' title='bbox 1725 2134 1957 2208; x_wconf 78' lang='grc' dir='ltr'><strong><em>ἀποτέμ-</em></strong></span> 
     </span>
     <span class='ocr_line' id='line_1_24' title="bbox 252 2224 1958 2303; baseline -0.002 -19"><span class='ocrx_word' id='word_1_191' title='bbox 252 2244 431 2284; x_wconf 87' lang='grc' dir='ltr'><strong><em>νουσα</em></strong></span> <span class='ocrx_word' id='word_1_192' title='bbox 478 2229 540 2284; x_wconf 90' lang='grc' dir='ltr'><strong><em>τὸ</em></strong></span> <span class='ocrx_word' id='word_1_193' title='bbox 591 2233 774 2284; x_wconf 86' lang='grc' dir='ltr'><strong><em>ΓΚΗ</em></strong></span> <span class='ocrx_word' id='word_1_194' title='bbox 821 2233 1101 2299; x_wconf 78' lang='grc' dir='ltr'><strong><em>τρίγωνον</em></strong></span> <span class='ocrx_word' id='word_1_195' title='bbox 1149 2231 1224 2303; x_wconf 79' lang='grc' dir='ltr'><strong><em>τῷ</em></strong></span> <span class='ocrx_word' id='word_1_196' title='bbox 1273 2231 1525 2282; x_wconf 92' lang='grc' dir='ltr'><em>ΛΛΔΗ</em></span> <span class='ocrx_word' id='word_1_197' title='bbox 1572 2224 1958 2300; x_wconf 77' lang='grc' dir='ltr'><strong><em>τετραπλεύρῳ</em></strong></span> 
     </span>
     <span class='ocr_line' id='line_1_25' title="bbox 256 2312 1955 2389; baseline -0.001 -18"><span class='ocrx_word' id='word_1_198' title='bbox 256 2325 407 2386; x_wconf 82' lang='grc' dir='ltr'><strong><em>ἴσον,</em></strong></span> <span class='ocrx_word' id='word_1_199' title='bbox 453 2316 546 2371; x_wconf 85' lang='grc' dir='ltr'><strong><em>καὶ</em></strong></span> <span class='ocrx_word' id='word_1_200' title='bbox 596 2318 688 2372; x_wconf 81' lang='grc' dir='ltr'><strong><em>διὰ</em></strong></span> <span class='ocrx_word' id='word_1_201' title='bbox 738 2320 839 2372; x_wconf 86' lang='grc' dir='ltr'><strong><em>τοῦ</em></strong></span> <span class='ocrx_word' id='word_1_202' title='bbox 886 2323 933 2371; x_wconf 92' lang='grc' dir='ltr'><strong><em>Β</em></strong></span> <span class='ocrx_word' id='word_1_203' title='bbox 981 2319 1048 2389; x_wconf 79' lang='grc' dir='ltr'><strong><em>τῇ</em></strong></span> <span class='ocrx_word' id='word_1_204' title='bbox 1096 2322 1284 2372; x_wconf 90' lang='grc' dir='ltr'><strong><em>ΖΛΜ</em></strong></span> <span class='ocrx_word' id='word_1_205' title='bbox 1324 2315 1678 2387; x_wconf 84' lang='grc' dir='ltr'><strong><em>παράλληλος</em></strong></span> <span class='ocrx_word' id='word_1_206' title='bbox 1721 2313 1881 2386; x_wconf 86' lang='grc' dir='ltr'><strong><em>ἤχθω</em></strong></span> <span class='ocrx_word' id='word_1_207' title='bbox 1921 2312 1955 2385; x_wconf 85' lang='grc' dir='ltr'><em>ἡ</em></span> 
     </span>
     <span class='ocr_line' id='line_1_26' title="bbox 164 2403 1958 2477; baseline -0.001 -19"><span class='ocrx_word' id='word_1_208' title='bbox 164 2418 220 2459; x_wconf 80' lang='lat'><strong><em>25</em></strong></span> <span class='ocrx_word' id='word_1_209' title='bbox 257 2408 357 2468; x_wconf 80' lang='grc' dir='ltr'><strong><em>ΞΒ</em></strong></span> <span class='ocrx_word' id='word_1_210' title='bbox 373 2411 444 2461; x_wconf 94' lang='grc' dir='ltr'><strong><em>Ν.</em></strong></span> <span class='ocrx_word' id='word_1_211' title='bbox 507 2405 600 2459; x_wconf 90' lang='grc' dir='ltr'><strong><em>καὶ</em></strong></span> <span class='ocrx_word' id='word_1_212' title='bbox 641 2407 762 2460; x_wconf 87' lang='grc' dir='ltr'><strong><em>ἐπεί</em></strong></span> <span class='ocrx_word' id='word_1_213' title='bbox 797 2409 966 2475; x_wconf 88' lang='grc' dir='ltr'><strong><em>ἐστιν,</em></strong></span> <span class='ocrx_word' id='word_1_214' title='bbox 1007 2403 1081 2470; x_wconf 79' lang='grc' dir='ltr'><strong><em>ὡς</em></strong></span> <span class='ocrx_word' id='word_1_215' title='bbox 1118 2403 1180 2460; x_wconf 89' lang='grc' dir='ltr'><strong><em>τὸ</em></strong></span> <span class='ocrx_word' id='word_1_216' title='bbox 1221 2403 1330 2460; x_wconf 84' lang='grc' dir='ltr'><strong><em>ἀπὸ</em></strong></span> <span class='ocrx_word' id='word_1_217' title='bbox 1363 2410 1477 2459; x_wconf 91' lang='grc' dir='ltr'><strong><em>ΛΕ</em></strong></span> <span class='ocrx_word' id='word_1_218' title='bbox 1507 2404 1647 2477; x_wconf 91' lang='grc' dir='ltr'><strong><em>πρὸς</em></strong></span> <span class='ocrx_word' id='word_1_219' title='bbox 1683 2403 1745 2458; x_wconf 91' lang='grc' dir='ltr'><strong><em>τὸ</em></strong></span> <span class='ocrx_word' id='word_1_220' title='bbox 1780 2407 1958 2457; x_wconf 92' lang='grc' dir='ltr'><strong><em>ΑΕΔ</em></strong></span> 
     </span>
     <span class='ocr_line' id='line_1_27' title="bbox 256 2488 1961 2566; baseline -0.001 -18"><span class='ocrx_word' id='word_1_221' title='bbox 256 2497 555 2565; x_wconf 80' lang='grc' dir='ltr'><strong><em>τρίγωνον,</em></strong></span> <span class='ocrx_word' id='word_1_222' title='bbox 595 2491 628 2564; x_wconf 81' lang='grc' dir='ltr'><em>ἡ</em></span> <span class='ocrx_word' id='word_1_223' title='bbox 669 2500 799 2548; x_wconf 89' lang='grc' dir='ltr'><strong><em>ΜΛ</em></strong></span> <span class='ocrx_word' id='word_1_224' title='bbox 837 2491 981 2566; x_wconf 84' lang='grc' dir='ltr'><strong><em>πρὸς.</em></strong></span> <span class='ocrx_word' id='word_1_225' title='bbox 1008 2500 1137 2564; x_wconf 94' lang='grc' dir='ltr'><strong><em>ΛΖ,</em></strong></span> <span class='ocrx_word' id='word_1_226' title='bbox 1180 2491 1299 2548; x_wconf 76' lang='grc' dir='ltr'><strong><em>ἀλλ’</em></strong></span> <span class='ocrx_word' id='word_1_227' title='bbox 1347 2490 1422 2558; x_wconf 75' lang='grc' dir='ltr'><strong><em>ὡς</em></strong></span> <span class='ocrx_word' id='word_1_228' title='bbox 1460 2491 1664 2564; x_wconf 78' lang='grc' dir='ltr'><strong><em>μὲντὸ</em></strong></span> <span class='ocrx_word' id='word_1_229' title='bbox 1704 2488 1814 2546; x_wconf 73' lang='grc' dir='ltr'><strong><em>ἀπὸ</em></strong></span> <span class='ocrx_word' id='word_1_230' title='bbox 1847 2496 1961 2547; x_wconf 90' lang='grc' dir='ltr'><strong><em>ΛΕ</em></strong></span> 
     </span>
     <span class='ocr_line' id='line_1_28' title="bbox 253 2578 1955 2654; baseline -0.001 -18"><span class='ocrx_word' id='word_1_231' title='bbox 253 2581 392 2654; x_wconf 89' lang='grc' dir='ltr'><strong><em>πρὸς</em></strong></span> <span class='ocrx_word' id='word_1_232' title='bbox 431 2579 492 2636; x_wconf 89' lang='grc' dir='ltr'><strong><em>τὸ</em></strong></span> <span class='ocrx_word' id='word_1_233' title='bbox 534 2587 713 2637; x_wconf 91' lang='grc' dir='ltr'><strong><em>ΑΕΔ</em></strong></span> <span class='ocrx_word' id='word_1_234' title='bbox 760 2585 1069 2652; x_wconf 79' lang='grc' dir='ltr'><strong><em>τρίγωνον,</em></strong></span> <span class='ocrx_word' id='word_1_235' title='bbox 1116 2579 1179 2637; x_wconf 90' lang='grc' dir='ltr'><strong><em>τὸ</em></strong></span> <span class='ocrx_word' id='word_1_236' title='bbox 1219 2578 1326 2636; x_wconf 74' lang='grc' dir='ltr'><strong><em>ἀπὸ</em></strong></span> <span class='ocrx_word' id='word_1_237' title='bbox 1367 2585 1470 2636; x_wconf 90' lang='grc' dir='ltr'><strong><em>ΓΒ</em></strong></span> <span class='ocrx_word' id='word_1_238' title='bbox 1510 2578 1648 2651; x_wconf 84' lang='grc' dir='ltr'><strong><em>πρὸς</em></strong></span> <span class='ocrx_word' id='word_1_239' title='bbox 1684 2578 1747 2635; x_wconf 88' lang='grc' dir='ltr'><strong><em>τὸ</em></strong></span> <span class='ocrx_word' id='word_1_240' title='bbox 1789 2584 1955 2634; x_wconf 90' lang='grc' dir='ltr'><strong><em>ΔΓΒ</em></strong></span> 
     </span>
     <span class='ocr_line' id='line_1_29' title="bbox 254 2667 1954 2742; baseline -0.001 -18"><span class='ocrx_word' id='word_1_241' title='bbox 254 2675 555 2741; x_wconf 76' lang='grc' dir='ltr'><strong><em>τρίγωνον·</em></strong></span> <span class='ocrx_word' id='word_1_242' title='bbox 603 2669 958 2742; x_wconf 79' lang='grc' dir='ltr'><strong><em>παράλληλος</em></strong></span> <span class='ocrx_word' id='word_1_243' title='bbox 1003 2669 1111 2742; x_wconf 77' lang='grc' dir='ltr'><strong><em>γάρ</em></strong></span> <span class='ocrx_word' id='word_1_244' title='bbox 1164 2671 1316 2726; x_wconf 85' lang='grc' dir='ltr'><strong><em>ἐστιν</em></strong></span> <span class='ocrx_word' id='word_1_245' title='bbox 1359 2667 1394 2740; x_wconf 78' lang='grc' dir='ltr'><em>ἡ</em></span> <span class='ocrx_word' id='word_1_246' title='bbox 1435 2674 1548 2723; x_wconf 88' lang='grc' dir='ltr'><strong><em>ΑΕ</em></strong></span> <span class='ocrx_word' id='word_1_247' title='bbox 1583 2671 1649 2742; x_wconf 81' lang='grc' dir='ltr'><strong><em>τῇ</em></strong></span> <span class='ocrx_word' id='word_1_248' title='bbox 1688 2673 1814 2740; x_wconf 87' lang='grc' dir='ltr'><strong><em>ΓΒ,</em></strong></span> <span class='ocrx_word' id='word_1_249' title='bbox 1860 2668 1954 2723; x_wconf 82' lang='grc' dir='ltr'><strong><em>καὶ</em></strong></span> 
     </span>
     <span class='ocr_line' id='line_1_30' title="bbox 256 2754 1954 2830; baseline -0.002 -16"><span class='ocrx_word' id='word_1_250' title='bbox 256 2758 715 2829; x_wconf 79' lang='grc' dir='ltr'><strong><em>ἐπιζευγνύουσιν</em></strong></span> <span class='ocrx_word' id='word_1_251' title='bbox 755 2756 927 2824; x_wconf 78' lang='grc' dir='ltr'><strong><em>αὐτὰς</em></strong></span> <span class='ocrx_word' id='word_1_252' title='bbox 967 2762 1029 2814; x_wconf 76' lang='grc' dir='ltr'><strong><em>αἱ</em></strong></span> <span class='ocrx_word' id='word_1_253' title='bbox 1064 2764 1185 2830; x_wconf 90' lang='grc' dir='ltr'><strong><em>ΓΕ,</em></strong></span> <span class='ocrx_word' id='word_1_254' title='bbox 1217 2763 1344 2814; x_wconf 90' lang='grc' dir='ltr'><strong><em>ΛΒ·</em></strong></span> <span class='ocrx_word' id='word_1_255' title='bbox 1388 2754 1462 2822; x_wconf 77' lang='grc' dir='ltr'><strong><em>ὥς</em></strong></span> <span class='ocrx_word' id='word_1_256' title='bbox 1498 2757 1559 2812; x_wconf 78' lang='grc' dir='ltr'><strong><em>δὲ</em></strong></span> <span class='ocrx_word' id='word_1_257' title='bbox 1590 2756 1624 2828; x_wconf 79' lang='grc' dir='ltr'><em>ἡ</em></span> <span class='ocrx_word' id='word_1_258' title='bbox 1658 2762 1785 2811; x_wconf 96' lang='grc' dir='ltr'><strong><em>ΜΛ</em></strong></span> <span class='ocrx_word' id='word_1_259' title='bbox 1815 2755 1954 2828; x_wconf 76' lang='grc' dir='ltr'><strong><em>πρὸς</em></strong></span> 
     </span>
    </p>
   </div>
   <div class='ocr_carea' id='block_1_3' title="bbox 363 2852 608 2859">
    <p class='ocr_par' dir='ltr' id='par_1_3' title="bbox 363 2852 608 2859">
     <span class='ocr_line' id='line_1_31' title="bbox 363 2852 608 2859; baseline 0 0"><span class='ocrx_word' id='word_1_260' title='bbox 363 2852 608 2859; x_wconf 95' lang='lat' dir='ltr'><strong><em> </em></strong></span> 
     </span>
    </p>
   </div>
   <div class='ocr_carea' id='block_1_4' title="bbox 252 2887 1950 3009">
    <p class='ocr_par' dir='ltr' id='par_1_4' title="bbox 252 2887 1950 3009">
     <span class='ocr_line' id='line_1_32' title="bbox 372 2887 1949 2950; baseline -0.003 -13"><span class='ocrx_word' id='word_1_261' title='bbox 372 2899 412 2937; x_wconf 88' lang='grc'><strong><em>6.</em></strong></span> <span class='ocrx_word' id='word_1_262' title='bbox 446 2889 588 2950; x_wconf 79' lang='grc' dir='ltr'><strong><em>αὐτή]</em></strong></span> <span class='ocrx_word' id='word_1_263' title='bbox 626 2891 813 2949; x_wconf 84' lang='lat' dir='ltr'>scripsi,</span> <span class='ocrx_word' id='word_1_264' title='bbox 854 2887 972 2947; x_wconf 76' lang='grc' dir='ltr'><strong><em>αὕτη</em></strong></span> <span class='ocrx_word' id='word_1_265' title='bbox 1009 2892 1123 2949; x_wconf 85' lang='lat' dir='ltr'><strong><em>Wp.</em></strong></span> <span class='ocrx_word' id='word_1_266' title='bbox 1277 2897 1317 2936; x_wconf 85' lang='lat'><strong><em>9.</em></strong></span> <span class='ocrx_word' id='word_1_267' title='bbox 1358 2889 1441 2949; x_wconf 88' lang='grc' dir='ltr'><strong><em>μή]</em></strong></span> <span class='ocrx_word' id='word_1_268' title='bbox 1478 2889 1660 2945; x_wconf 82' lang='lat' dir='ltr'>addidi,</span> <span class='ocrx_word' id='word_1_269' title='bbox 1702 2902 1791 2933; x_wconf 91' lang='lat' dir='ltr'><strong><em>om.</em></strong></span> <span class='ocrx_word' id='word_1_270' title='bbox 1823 2889 1949 2945; x_wconf 86' lang='lat' dir='ltr'><strong><em>Wp·</em></strong></span> 
     </span>
     <span class='ocr_line' id='line_1_33' title="bbox 252 2946 1950 3009; baseline -0.003 -13"><span class='ocrx_word' id='word_1_271' title='bbox 252 2956 361 3009; x_wconf 74' lang='lat' dir='ltr'>post</span> <span class='ocrx_word' id='word_1_272' title='bbox 403 2951 461 3008; x_wconf 84' lang='grc' dir='ltr'><strong><em>δή</em></strong></span> <span class='ocrx_word' id='word_1_273' title='bbox 503 2951 610 2996; x_wconf 80' lang='lat' dir='ltr'><strong>add.</strong></span> <span class='ocrx_word' id='word_1_274' title='bbox 645 2950 815 3008; x_wconf 82' lang='lat' dir='ltr'>Halley</span> <span class='ocrx_word' id='word_1_275' title='bbox 855 2964 961 2996; x_wconf 82' lang='lat' dir='ltr'><strong><em>eum</em></strong></span> <span class='ocrx_word' id='word_1_276' title='bbox 995 2950 1170 2996; x_wconf 87' lang='lat' dir='ltr'><strong>Comm.</strong></span> <span class='ocrx_word' id='word_1_277' title='bbox 1328 2955 1394 2996; x_wconf 88' lang='lat'><strong><em>13.</em></strong></span> <span class='ocrx_word' id='word_1_278' title='bbox 1444 2946 1691 3006; x_wconf 81' lang='grc' dir='ltr'><strong><em>πρότερον]</em></strong></span> <span class='ocrx_word' id='word_1_279' title='bbox 1735 2961 1851 2993; x_wconf 84' lang='lat' dir='ltr'><strong>corr.</strong></span> <span class='ocrx_word' id='word_1_280' title='bbox 1894 2961 1950 2992; x_wconf 83' lang='lat' dir='ltr'><strong><em>ex</em></strong></span> 
     </span>
    </p>
   </div>
  </div>
 </body>
</html>
