2046 3224
729 146 1010 188 PROLEGO
1018 146 1200 189 MENA.
1625 145 1823 190 XXXIX

119 267 208 308 BA
292 267 343 307 11
382 264 505 322 ΘΗ]
537 263 586 307 in
615 276 703 307 ras.
790 266 846 306 25
881 260 961 306 καὶ
993 260 1047 305 αἷ
1070 289 1124 295 -
1149 267 1205 307 26
1238 262 1544 322 παράλληλοι]
1572 277 1662 309 om.
1751 269 1807 309 27

116 328 355 388 τέμνεται]
387 328 610 387 τέτμηται
700 333 756 373 28
789 327 862 386 τό]
896 325 948 372 τὸ
980 325 1073 385 ἄρα

237 412 282 454 p.
316 401 415 453 196,
448 400 474 439 9
507 399 602 440 ΛΚ
630 421 685 428 --
721 399 775 439 10
807 394 923 452 AH]
957 394 1075 452 siff)
1168 399 1222 438 10
1254 395 1355 452 καί]
1387 409 1478 444 om.
1570 392 1632 448 ὡς
1662 423 1718 429 -
1753 402 1807 441 11

117 462 242 520 AH]
268 461 412 507 effiiam
442 461 492 506 in
523 476 615 519 mg.
703 467 754 505 11
788 459 840 505 τὸ
873 457 968 506 ὑπό
996 487 1050 492 -
1079 466 1133 505 13
1160 457 1325 519 οὕτως]
1351 477 1445 519 mg.
1533 467 1586 507 13
1611 459 1811 521 ἀφαιρε-

120 527 213 575 θέν
247 529 371 588 (pr.)]
403 527 453 573 in
483 542 572 573 ras.
665 532 718 572 16
751 528 859 586 AB]
893 528 974 583 τῆς
1007 531 1092 570 BA
1176 523 1289 585 ἄρα]
1323 524 1417 584 ἄρα
1451 524 1552 573 ἐστί
1633 534 1685 574 17
1720 534 1808 574 AB

117 608 234 641 corr.
276 609 331 640 ex
369 600 459 639 BA
564 597 722 651 μεῖζον
754 620 809 626 -
846 598 900 637 18
940 591 1200 652 δέδεικται]
1235 593 1474 639 δέδεικται
1520 592 1608 652 γὰρ
1659 594 1809 641 αὐτοῦ

120 664 280 719 μεῖζον
311 658 363 706 τὸ
395 658 489 706 ὑπὸ
522 662 616 705 τῶν
647 664 763 716 ΜΚ,
796 664 899 705 ΚΗ
982 665 1037 704 21
1073 657 1358 719 ἐφάπτηται]
1388 658 1656 718 ἐφάπτηται
1686 661 1808 707 κατὰ

118 725 336 785 κορυφήν
427 733 484 772 24
518 725 666 785 ἔσται]
702 724 803 789 ε’στί
887 732 942 771 27
979 727 1083 784 ΖΕ]
1117 729 1202 770 ΕΖ

235 809 281 851 Ρ.
309 798 407 851 198,
433 799 460 838 4
485 794 591 852 ΕΒ]
618 796 705 837 ΒΕ
792 798 846 837 14
880 793 982 851 ΖΕ]
1001 796 1084 837 ΕΖ
1170 797 1222 837 15
1256 789 1361 848 ἡ-
1382 798 1435 838 16
1462 789 1808 855 ἄσυμπτώτοις]

117 874 205 906 om.
298 866 354 905 29
387 856 550 917 αὐτῆς]
583 855 751 910 αὐταῖς
1160 903 1163 905 .

235 942 280 983 Ρ.
314 931 421 982 200,
457 932 479 971 1
513 923 621 984 δύο]
654 924 708 970 αἴ
741 928 963 971 δοθεῖσαι
1001 925 1089 971 δύο
1190 925 1299 984 ΑΓ]
1336 930 1417 970 ΓΑ
1517 932 1542 970 2
1575 924 1682 986 τήν]
1718 942 1810 973 om.

116 999 144 1037 3
177 994 241 1051 A]
276 998 318 1037 A
365 989 497 1044 ἐντὸς
540 993 622 1049 τῆς
659 989 754 1037 ὑπὸ
799 996 925 1037 ΓΑΒ
965 994 1138 1049 γωνίας
1239 993 1387 1051 ΓΑΒ]
1421 997 1520 1049 ΑΓ,
1562 997 1643 1036 ΑΒ
1757 999 1810 1038 18

113 1060 219 1118 AB]
252 1063 334 1103 BA

235 1140 280 1182 p.
314 1130 422 1183 202,
456 1130 482 1169 5
515 1126 621 1184 EA]
655 1129 740 1170 EA
782 1127 855 1181 ἴση
895 1122 1020 1170 ἐστίν
1111 1130 1167 1169 20
1199 1126 1275 1184 τῇ]
1308 1124 1337 1182 ἡ
1432 1131 1487 1169 22
1520 1122 1570 1182 ἡ]
1603 1127 1658 1184 τῇ
1754 1131 1810 1171 23

115 1192 231 1250 ΖΗ]
267 1195 357 1236 ΗΖ
462 1197 520 1236 24
554 1190 698 1251 ἐστίν]
733 1206 821 1237 om.
931 1193 1046 1250 HE]
1080 1194 1182 1235 ΕΗ
1283 1196 1337 1236 26
1377 1194 1485 1250 ΑΒ]
1519 1196 1602 1235 ΒΑ
1647 1190 1812 1249 ἐκβαλ-

113 1259 288 1317 λομένῃ

235 1341 281 1382 p.
314 1329 414 1380 204,
448 1330 474 1369 8
516 1320 708 1383 εὐθεῖα]
742 1339 832 1369 om.
927 1329 978 1368 11
1012 1321 1062 1381 ἡ]
1096 1320 1231 1380 ἤχθω
1265 1320 1301 1379 ’ἡ
1394 1322 1660 1383 τετμήσθω]
1694 1322 1806 1382 -μή-

115 1405 144 1435 e
191 1405 306 1436 corr.
400 1396 453 1435 13
487 1388 549 1447 μή
585 1417 640 1423 -
670 1386 896 1448 δυνατόν]
930 1391 978 1433 in
1016 1404 1104 1434 ras.
1199 1386 1336 1448 ἄλλα]
1371 1386 1465 1434 ἀλλ’
1565 1395 1618 1435 16
1655 1389 1807 1450 ἔσται]

117 1453 215 1502 ἐστι
304 1462 360 1501 23
394 1457 507 1514 ΕΔ]
542 1459 633 1500 ΔΕ
723 1462 781 1500 24
813 1456 972 1514 ΑΒΓ]
1006 1459 1143 1499 ΑΒΓ
1169 1455 1285 1514 τομῇ

235 1538 280 1580 p.
313 1528 422 1579 206,
464 1528 486 1566 1
529 1521 778 1580 διάμετρος
817 1519 931 1580 ἄρα]
964 1519 993 1578 ἡ
1028 1524 1132 1565 AH
1163 1517 1257 1579 ἄρα
1290 1518 1540 1578 διάμετρος
1633 1529 1660 1567 4
1692 1525 1804 1581 ΚΘ]

116 1590 217 1634 ’ΘΚ
309 1590 424 1647 ΚΘ]
461 1591 555 1633 ΘΚ
646 1592 672 1632 5
706 1585 818 1646 ἄρα]
852 1585 945 1645 ἄρα
986 1585 1273 1645 ἐκβληθεῖσα
1366 1593 1390 1632 7
1424 1588 1718 1645 συμπιπτέτω
1752 1615 1809 1623 -·

118 1656 174 1714 Ζ]
208 1670 296 1700 om.
389 1660 445 1699 23
477 1657 636 1712 τομῆς]
668 1656 811 1712 τομῆς
842 1652 962 1699 κατὰ
994 1651 1046 1698 τὸ
1081 1657 1122 1698 Ε
1154 1650 1246 1710 ἄρα
1279 1651 1477 1699 ἅπτεται

237 1738 281 1779 p.
308 1726 407 1777 208,
432 1726 460 1764 4
490 1722 601 1780 ΛΕ]
630 1724 722 1765 ΕΔ
809 1726 863 1765 18
889 1721 1013 1778 AH]
1044 1724 1153 1776 HA,
1182 1724 1275 1765 He
1301 1734 1415 1765 corr.
1505 1727 1558 1766 19
1583 1723 1699 1780 AH]
1721 1726 1811 1766 HA

236 1804 282 1845 p.
316 1792 416 1844 210,
441 1793 468 1831 4
499 1789 584 1848 τῷ]
611 1789 710 1833 ἴσον
743 1788 804 1846 τῷ
892 1793 917 1831 5
949 1789 1051 1831 ἴσον
1076 1812 1132 1819 --
1158 1788 1263 1845 BA]
1291 1801 1381 1831 om.
1468 1793 1494 1831 6
1521 1789 1675 1846 ΖΓΔ]
1701 1793 1809 1845 ΔΓ,

123 1858 206 1898 ΓΖ
307 1858 360 1897 15
395 1854 498 1912 ΓΑ]
534 1857 625 1898 ΑΓ
714 1859 770 1898 21
805 1858 1110 1910 συμπεσεῖται
1141 1879 1196 1885 -
1229 1855 1337 1912 καί]
1371 1868 1460 1899 om.
1553 1859 1610 1898 24
1643 1854 1722 1913 δή]
1758 1853 1811 1900 δέ

238 1935 284 1977 Ρ.
317 1925 426 1976 212,
476 1925 501 1964 5
544 1917 661 1977 πρός
699 1921 827 1978 (pr.)]
860 1918 934 1963 bis
1043 1919 1165 1977 HK]
1200 1923 1305 1963 ΚΗ
1406 1924 1430 1963 7
1464 1921 1573 1978 καί]
1607 1920 1688 1964 καὶ
1725 1926 1810 1965 τοῦ

118 1990 148 2029 8
179 1987 285 2044 τοῦ]
310 1990 393 2042 τῆς
478 1991 530 2030 11
565 1982 782 2044 ἐναλλάξ]
810 1986 892 2030 καὶ
924 1982 1121 2039 ἐναλλάξ
1208 1989 1261 2029 12
1288 1986 1370 2044 τῷ]
1398 1999 1513 2031 corr.
1544 2001 1599 2030 ex
1623 1985 1675 2031 τό
1757 1993 1813 2031 14

116 2052 224 2110 AB]
257 2055 338 2095 BA

240 2133 283 2175 p.
318 2122 419 2175 214,
452 2124 478 2162 3
511 2116 587 2176 τό]
621 2132 735 2163 corr.
777 2132 832 2162 ex
863 2118 924 2176 τῷ
1036 2123 1060 2162 7
1091 2117 1212 2176 ΑΗ]
1247 2122 1339 2162 ΑΚ
1443 2119 1556 2176 ΕΔ]
1592 2122 1686 2163 ΔΕ
1785 2124 1812 2163 8

125 2184 242 2241 ΗΚ]
278 2188 367 2228 ΖΚ
454 2190 509 2229 16
548 2179 623 2242 ἧς]
658 2183 732 2236 αἷς
826 2189 879 2228 19
913 2183 994 2227 καὶ
1033 2181 1269 2242 εἰλήφθω]
1305 2199 1393 2229 om.
1487 2190 1542 2228 22
1575 2186 1660 2243 τῷ]
1695 2198 1812 2231 corr.

119 2263 178 2294 ex
208 2247 260 2294 τό
353 2254 409 2295 25
447 2252 590 2295 ΓΗΘ
621 2276 678 2282 -
709 2255 766 2295 26
799 2252 961 2308 ΔΚΛ]
993 2250 1085 2294 τῶν
1117 2253 1222 2307 ΛΚ,
1253 2254 1348 2294 ΚΔ

20 2339 33 2366 Ἰς
240 2331 286 2372 Ρ.
319 2321 426 2373 216,
475 2321 501 2360 3
541 2314 836 2373 συμπιπτέτω
871 2343 925 2349 -—
958 2317 1039 2374 M]
1073 2330 1164 2361 om.
1270 2321 1298 2359 4
1338 2310 1432 2375 ὅτι]
1467 2331 1560 2364 om.
1663 2321 1690 2360 5
1730 2319 1816 2362 καί

119 2381 251 2439 (pr.)]
285 2396 374 2426 om.
468 2387 493 2426 6
528 2383 630 2440 ΓΑ]
664 2386 756 2426 ΑΓ
842 2388 897 2426 22
933 2383 1052 2440 ΓΗ]
1088 2386 1189 2426 ΗΓ

240 2462 285 2504 Ρ.
318 2452 418 2504 218,
451 2452 479 2490 4
509 2446 735 2506 πόρισμα]
770 2462 859 2492 om.
947 2453 998 2492 17
1034 2449 1134 2506 ΖΒ]
1168 2453 1203 2491 Β
1238 2462 1262 2492 e
1295 2462 1408 2493 corr.
1497 2453 1551 2493 18
1583 2447 1808 2509 τετάρτῳ]

121 2509 325 2572 τετάρτῳ
369 2511 499 2570 μέρει
602 2519 654 2558 19
686 2511 800 2572 ἄρα]
834 2511 927 2570 ἄρα
969 2513 1086 2558 εἰσίν
1177 2519 1231 2558 21
1268 2515 1375 2573 ΓΕ]
1412 2517 1507 2558 ΕΓ
1594 2519 1649 2558 25
1683 2516 1740 2573 Β]
1773 2520 1809 2559 Β

121 2579 239 2637 τομῇ
332 2584 388 2624 26
423 2580 533 2638 ΖΓ]
570 2583 653 2624 ΓΖ
743 2585 798 2624 27
833 2579 973 2638 εἰσιν]
1008 2579 1125 2624 εἰσιν
1157 2578 1212 2624 αἴ

243 2661 287 2702 p.
321 2649 428 2699 220,
471 2650 524 2689 15
563 2647 677 2704 ΚΘ]
714 2648 754 2690 Θ
792 2659 816 2689 e
857 2659 970 2690 corr.
1074 2652 1126 2690 16
1158 2647 1233 2704 τῇ]
1268 2647 1319 2704 τῇ
1358 2650 1394 2690 Α
1494 2652 1547 2690 21
1583 2647 1685 2704 καί]
1721 2660 1811 2690 om.

185 2708 399 2792 22'56vw
439 2712 560 2769 ἴσον]
595 2714 695 2756 ἴσον
735 2708 836 2756 ἐστι’
935 2711 1044 2770 καί]
1080 2711 1160 2756 καὶ
1193 2709 1272 2755 διὰ
1304 2713 1441 2756 τοῦτο
1542 2712 1673 2769 ΚΜ]
1707 2715 1815 2755 ΚΜ

123 2777 203 2832 ἴση
238 2778 339 2821 εστί

245 2909 288 2964 *)
320 2907 427 2952 Nisi
458 2908 583 2964 quod
612 2909 690 2953 hic
721 2922 904 2965 quoque
935 2910 990 2952 ιιι
1021 2923 1202 2966 semper
1233 2909 1328 2952 fere
1354 2907 1576 2954 articulus
1602 2908 1809 2953 additur.
