2020 3236
253 92 363 146 328
728 94 1169 153 COMMENTARIA
1198 57 1519 148 mmm-.-

229 209 421 282 ἁφῶν
479 210 765 283 διάμετροι
818 212 1183 284 παράλληλοι
1220 204 1324 287 ωσι
1371 223 1491 278 ταῖς
1537 198 1976 285 ἐφαπτομέναις,

249 301 345 356 καὶ
387 300 563 366 οὕτως
603 304 754 355 ἔσται
792 298 859 356 τὰ
898 309 997 371 της
1034 299 1368 373 προτάσεως.

371 389 486 445 ἐπεὶ
528 386 601 455 ὡς
639 387 703 444 τὸ
744 386 852 444 άπὸ
885 395 989 444 ΒΘ
1027 391 1169 460 πρὸς
1206 393 1268 445 τὸ
1308 387 1418 445 ὑπὸ
1453 395 1642 461 ΛΘΑ,
1682 391 1860 457 οὕτως
1895 371 1960 448 τὸ

252 476 363 533 ἀπὸ
414 456 543 533 ΛΗ
581 477 723 550 πρὸς
771 476 834 533 τὸ
882 476 992 534 ὑπὸ
1040 485 1245 551 AHA,
1292 482 1394 534 καί
1432 480 1548 535 ἐστι
1591 481 1654 535 τὸ
1700 478 1804 551 ’μὲν
1849 477 1960 536 ὑπὸ

191 578 222 618 5
255 572 428 622 ΛΘΛ
476 574 601 623 ἴσον
647 570 723 641 τῷ
771 565 878 622 ἀπὸ
927 573 1060 638 ΘΑ,
1109 571 1171 623 τὸ
1222 567 1282 623 δὲ
1328 565 1438 624 ὑπὸ
1485 571 1665 623 ΛΗΑ
1710 575 1837 626 ἴσον
1883 578 1960 644 τῷ

252 653 366 712 ὑπὸ
405 661 588 711 ΙΑΗ·
630 663 721 728 ἴση
762 653 867 727 γὰρ
908 656 943 727 ἡ
985 663 1095 716 ΑΘ
1133 660 1198 730 τῇ
1240 662 1350 712 ΘΛ
1388 658 1479 712 καὶ
1519 654 1553 728 ἡ
1595 661 1716 713 AK
1750 660 1960 730 τῇΚΖ

254 744 347 799 καὶ
387 742 424 816 ἡ
462 750 575 799 ΗΘ
612 747 679 817 τῇ
720 750 815 800 ΘΙ
847 745 939 800 καὶ
979 742 1013 816 ἡ
1054 751 1182 800 AH
1210 749 1275 818 τῇ
1316 751 1431 801 ΙΛ·
1481 742 1556 811 ὥς
1595 745 1712 818 ἄρα·
1743 746 1806 822 τὸ
1844 744 1960 802 ’άπὸ

254 839 369 888 ΑΘ
415 834 555 904 πρὸς
602 832 665 890 τὸ
706 831 816 894 ἀπὸ
857 827 987 905 ΘΒ,
1035 835 1283 893 τουτέστι
1322 833 1385 890 τὸ
1427 833 1535 891 άπὸ
1577 840 1689 890 ΒΓ
1718 836 1860 907 πρὸς
1895 840 1962 891 τὸ

255 919 364 1006 ἀπὸ
413 927 547 993 ΓΑ,
593 921 656 978 τὸ
705 920 815 978 ὑπὸ
862 927 1031 996 ΙΑΗ
1067 922 1208 994 πρὸς
1253 923 1315 980 τὸ
1364 922 1473 980 άπὸ
1520 929 1668 994 ΔΗ,
1713 924 1966 1023 τουτέστι

166 1022 225 1063 10
255 1007 319 1066 τὸ
360 1007 469 1066 υπὸ
511 1016 680 1067 ZEA
719 1010 858 1082 πρὸς
895 1010 958 1067 τὸ
998 1011 1107 1067 ἀπὸ
1150 1018 1273 1067 ΕΑ.

932 1207 1048 1270 Εἰς
1085 1206 1156 1267 τὸ
1197 1205 1291 1271 ιζ’.

372 1307 490 1362 Καὶ
528 1294 693 1361 τοῦτο
736 1304 943 1379 ὁμοίως
981 1310 1056 1381 τῷ
1096 1310 1203 1379 πρὸ
1246 1305 1422 1363 αὐτοῦ
1462 1307 1635 1365 ἔκειτο
1674 1306 1965 1381 θεώρημα,

224 1392 229 1396 ’
261 1393 396 1466 ὅπερ
438 1393 596 1473 ἡμεῖς
636 1391 709 1460 ὥς
747 1398 960 1451 πτῶσιν
1000 1394 1305 1466 ἀφελόντες
1337 1397 1586 1451 ἐνταῦθα
1619 1395 1967 1469 ἐγράψαμεν·

369 1481 766 1505 ,,,,
1349 1488 1372 1498 συ
1445 1483 1459 1502 Ι
1783 1495 1788 1498 .

175 1583 229 1634 15
263 1575 327 1627 αἱ
363 1570 456 1627 διὰ
497 1575 611 1628 τῶν
652 1570 818 1642 ἁφῶν
851 1570 1129 1643 ἀγόμεναι
1163 1572 1448 1643 διάμετροι
1480 1572 1824 1645 παράλληλοι
1860 1568 1964 1629 ὦσι

258 1672 380 1726 ταῖς
420 1661 830 1732 ἐφαπτομέναις
867 1673 988 1726 ταῖς
1026 1666 1144 1733 ΒΓ,
1185 1666 1310 1731 ΓΑ,
1350 1662 1443 1716 καὶ
1478 1659 1654 1728 οὕτως
1685 1664 1857 1733 ἐστίν,
1890 1659 1969 1727 ὥς

260 1748 324 1804 τὸ
376 1747 484 1804 ἀπὸ
523 1741 633 1805 ΓΑ
672 1748 811 1820 πρὸς
849 1751 912 1805 τὸ
956 1748 1226 1821 άπὸ”ΓΒ,
1265 1749 1328 1805 τὸ
1370 1748 1479 1806 ὑπὸ
1520 1755 1691 1806 ΚΖΕ
1724 1753 1861 1822 πρὸς
1898 1753 1962 1806 τὸ

259 1835 372 1892 ὑπὸ
415 1843 595 1893 ΔΖΘ.

378 1926 648 1997 ἤχθωσαν
684 1926 777 1981 δια
817 1935 930 1982 τῶν
961 1886 1034 1997 A,
1068 1932 1116 1981 Θ
1152 1929 1496 1999 τεταγμένως
1533 1930 1873 2001 κατηγμέναι
1904 1932 1967 1985 αἱ

172 2026 233 2067 20
264 2022 413 2086 ΛΠ,
447 2021 583 2070 ΘΜ.
660 2014 776 2070 ἐπεὶ
825 2009 930 2070 οὖν
978 2018 1154 2086 ἐστιν,
1204 2013 1278 2081 ὡς
1324 2014 1385 2071 τὸ
1428 2014 1535 2071 ἀπὸ
1575 2021 1691 2072 ΑΓ
1722 2019 1864 2089 πρὸς
1900 2016 1965 2074 τὸ

264 2103 375 2160 άπὸ
401 2109 523 2174 ΓΒ,
555 2102 618 2159 τὸ
645 2100 752 2159 ἀπὸ
778 2109 899 2158 ΒΝ
916 2107 1054 2174 πρὸς
1076 2103 1139 2159 τὸ
1163 2102 1273 2159 άπὸ
1297 2109 1361 2159 Ν
1363 2111 1434 2174 Α,
1466 2106 1714 2174 τουτέστι
1737 2104 1877 2179 πρὸς
1899 2105 1964 2162 τὸ

264 2191 375 2249 ὑπὸ
410 2198 609 2263 ΑΝΛ,
652 2190 726 2271 (139
767 2191 828 2248 δὲ
865 2195 928 2248 τὸ
969 2190 1076 2247 άπὸ
1111 2198 1232 2247 ΒΝ
1264 2192 1402 2264 πρὸς
1433 2193 1495 2248 τὸ
1529 2190 1870 2264 ὑπὸ,ΑΝΛ,
1900 2192 1966 2250 τὸ

265 2278 375 2336 ἀπὸ
407 2287 546 2350 ΛΠ,
578 2282 827 2338 τουτέστι
857 2279 922 2337 τὸ
955 2279 1064 2336 άπὸ
1101 2287 1222 2352 ΖΟ,
1255 2285 1392 2354 πρὸς
1421 2280 1485 2338 τὸ
1517 2280 1627 2338 ὑπὸ
1659 2289 1843 2338 ΑΠΛ
1872 2283 1967 2338 καὶ

265 2370 332 2425 τὸ
359 2367 466 2425 άπὸ
494 2375 602 2424 ΕΟ
625 2371 765 2440 πρὸς
788 2369 851 2425 τὸ
874 2368 983 2424 ’ὑπὸ
1004 2375 1195 2441 AOA,
1220 2370 1312 2424 καὶ
1337 2373 1536 2425 λοιπὸν
1561 2369 1670 2441 ἄρα
1692 2371 1831 2443 πρὸς
1853 2377 1967 2426 λοι-

392 2538 431 2576 1.
474 2525 578 2590 ωσι]
621 2546 675 2588 p,
725 2547 837 2575 ωσιν
870 2533 944 2577 W.
1098 2537 1139 2577 3.
1182 2528 1244 2584 ὡς
1276 2530 1327 2576 τὸ
1361 2529 1481 2590 dmi]
1522 2546 1583 2575 m.
1617 2537 1643 2575 2
1677 2532 1738 2587 U,
1787 2528 1816 2588 ἦ
1850 2523 1972 2589 Wp.

332 2608 455 2635 ουτω
488 2607 533 2648 p.
658 2596 699 2634 4.
734 2591 894 2648 AHA]
927 2593 1068 2635 ΛΠΑ
1100 2591 1216 2647 Wp,
1249 2605 1365 2637 corr.
1396 2590 1438 2634 U
1470 2605 1530 2635 m.
1558 2596 1583 2634 2
1617 2590 1770 2648 (inw
1794 2591 1899 2636 fort.
1925 2594 1966 2635 H

271 2651 496 2706 scriptum
532 2651 625 2706 θεὴ,
667 2650 748 2694 sed
779 2649 970 2694 litterae
1003 2653 1054 2693 H
1083 2649 1267 2701 simile).
1399 2647 1525 2694 ἐστιν
1555 2648 1631 2694 W.
1763 2653 1810 2703 8.
1836 2665 1966 2694 τουτ-

275 2709 402 2754 έστιν
434 2710 509 2754 W.
632 2714 673 2754 9.
707 2707 945 2753 τουτέστιν
969 2708 1044 2754 W.
1169 2713 1237 2754 10.
1266 2708 1424 2764 ZEA]
1458 2719 1516 2753 m.
1545 2714 1570 2753 2
1595 2708 1650 2762 U,
1684 2711 1819 2753 ΖΕΑ
1850 2708 1951 2766 Wp

335 2773 523 2814 12—19.
550 2782 683 2814 enan.
709 2783 753 2825 p.
870 2772 940 2812 15.
966 2783 1078 2812 ωσιν
1103 2768 1177 2812 W.
1293 2772 1362 2813 20.
1400 2768 1529 2824 ΘΜ]
1567 2769 1676 2812 ΟΜ
1691 2767 1816 2824 .‚Wp
1850 2780 1967 2812 corr.

273 2826 450 2872 Comm.
596 2832 667 2872 21.
707 2826 948 2871 τουτέστιν
981 2827 1053 2871 W.
1208 2831 1278 2871 22.
1311 2824 1363 2870 τό
1391 2826 1542 2884 (sec.)]
1581 2840 1670 2870 om.
1696 2842 1787 2884 p.
1894 2831 1967 2870 23.

274 2887 515 2931 τουτέστιν
541 2886 615 2931 W.
737 2891 809 2931 24.
843 2885 956 2943 ΕΟ]
991 2887 1084 2930 ΕΘ
1108 2886 1224 2942 Wp,
1258 2899 1372 2931 corr.
1404 2884 1580 2931 Comm.
