2046 3224
713 167 1177 211 PROLEGOMENA.
1709 160 1793 205 XV

227 288 440 334 codicum
469 287 658 332 illorum
690 285 819 330 XXV
851 284 1028 329 contuli
1058 285 1185 328 totos
1217 281 1350 328 codd.
1379 287 1417 338 1,
1444 286 1484 338 5,
1513 287 1580 336 11,
1613 280 1793 325 ceteros

108 357 210 413 ipse
241 355 425 412 inspexi
462 355 649 412 praeter
680 352 814 409 codd.
848 357 895 406 6,
929 355 976 407 9,
1010 355 1087 406 21,
1133 349 1190 394 de
1229 349 1397 405 quibus
1437 361 1555 404 quae
1595 346 1795 404 cognoui

108 420 467 467 beneuolentiae
498 419 707 464 uirorum
738 419 982 462 doctorum
1014 417 1183 472 debeo,
1227 415 1308 472 qui
1336 413 1637 460 bibliothecis
1669 414 1795 456 Mar-

27 521 36 527 -
108 487 292 544 cianae,
339 486 636 541 Taurinensi,
684 483 1078 540 Guelferbytanae
1116 481 1373 540 praepositi
1414 482 1533 525 sunt.
1601 480 1698 525 iam
1737 479 1794 523 de

107 553 386 612 cognatione
415 553 584 599 horum
616 550 830 596 codicum
860 550 1117 595 uideamus.

225 620 428 679 primum
453 619 553 664 cod.
579 623 604 662 2
634 632 663 662 a
685 618 728 662 V
758 616 974 674 pendere,
1009 614 1268 660 certissimo
1293 615 1572 659 documento
1597 616 1795 673 adparet
1805 626 1973 660 Uat.2o3

109 701 164 732 ex
194 688 343 745 figura
373 686 430 743 II,
463 691 518 730 32
557 700 602 742 p.
636 688 743 738 2483
791 682 860 727 ibi
891 683 1016 727 enim
1053 682 1102 726 in
1135 681 1395 739 hyperbole.
1425 685 1506 725 AB
1545 682 1595 726 in
1634 682 1732 727 cod.
1767 688 1792 726 2

108 755 218 798 ante
242 757 278 796 A
312 751 580 810 adpositum
612 752 684 795 est
707 751 771 805 N,
803 749 928 805 quod
959 749 1036 792 hic
1059 749 1242 792 nullum
1265 747 1411 793 habet
1434 749 1610 804 locum;
1644 762 1792 805 neque

108 819 233 865 enim
264 818 452 864 omnino
485 831 539 862 eo
563 817 667 862 loco
692 816 870 874 figurae
893 814 1054 859 littera
1079 829 1194 872 opus
1220 816 1305 869 est,
1336 829 1501 872 neque,
1534 815 1573 859 si
1594 815 1794 859 maxime

110 899 226 944 opus
260 887 395 941 esset,
427 885 479 928 N
508 897 609 928 esse
642 883 818 940 debuit,
853 883 934 927 sed
965 886 1032 927 M.
1095 880 1228 938 origo
1259 880 1398 926 huius
1430 881 1598 927 erroris
1631 883 1795 926 statim

109 965 134 996 e
166 952 208 996 V
239 951 489 997 manifesta
521 952 611 1006 est3
658 949 728 993 ibi
766 949 891 994 enim
930 949 1080 1005 figura
1117 947 1204 992 illa
1241 947 1311 993 ita
1347 948 1398 992 in
1434 963 1527 1005 mg.
1560 948 1795 1006 descripta

108 1020 193 1075 est,
223 1019 278 1062 ut
306 1017 356 1062 in
387 1016 532 1062 uerba
554 1015 795 1073 Apollonii
825 1015 1036 1059 transeat
1067 1016 1115 1059 et
1145 1015 1371 1059 terminus
1395 1014 1603 1072 superior
1625 1016 1794 1072 hyper-

107 1084 244 1130 bolae
282 1088 364 1128 AB
413 1085 522 1127 ante
561 1082 769 1127 litteram
807 1099 834 1126 ν
873 1082 923 1126 111
953 1083 1046 1126 τῶν
1084 1096 1130 1137 Ρ.
1168 1086 1269 1139 248,
1304 1086 1359 1125 10
1397 1082 1593 1127 fortuito
1634 1083 1792 1137 cadat;

106 1151 230 1196 unde
260 1149 422 1195 littera
446 1151 500 1193 N
525 1148 576 1192 in
605 1149 804 1205 figuram
834 1147 1037 1205 irrepsit.
1085 1161 1369 1203 quamquam
1392 1148 1486 1192 iam
1509 1148 1600 1192 hoc
1623 1149 1797 1193 sufficit

108 1216 166 1261 ad
199 1215 628 1271 demonstrandum,
662 1214 786 1271 quod
816 1214 1048 1270 uolumus,
1082 1214 1176 1259 alia
1201 1228 1385 1270 quoque
1411 1216 1690 1260 documenta
1714 1216 1794 1260 ad-

107 1282 269 1329 feram.
331 1296 442 1327 nam
472 1281 494 1324 Ι
523 1297 568 1339 p.
604 1286 643 1336 8,
677 1285 702 1324 5
742 1295 826 1338 pro
856 1278 974 1337 πρός
1004 1281 1111 1325 hab.
1143 1279 1262 1336 πρὸς
1292 1277 1322 1336 ἡ
1356 1281 1456 1327 cod.
1490 1287 1516 1325 2
1549 1280 1595 1339 (ἡ
1628 1283 1795 1337 postea

110 1349 350 1405 deletum),
383 1349 507 1404 quod
539 1361 564 1391 e
595 1346 790 1391 fortuita
820 1345 904 1390 illa
934 1347 1110 1391 lineola
1135 1346 1309 1392 codicis
1331 1347 1388 1404 V,
1422 1349 1478 1392 de
1503 1362 1594 1404 qua
1617 1364 1660 1393 u.
1686 1349 1792 1392 adn.

109 1415 226 1471 crit.,
258 1417 411 1458 ortum
444 1415 528 1458 est.
591 1414 611 1456 Ι
642 1428 686 1470 p.
721 1417 820 1468 376,
855 1417 902 1456 6:
942 1413 1097 1471 ΛΞΖ]
1131 1426 1246 1459 corr.
1280 1428 1335 1459 ex
1366 1415 1529 1467 ΛΞΘ,
1568 1415 1638 1458 ita
1668 1417 1721 1458 ut
1754 1417 1795 1459 Θ

110 1495 205 1526 11011
235 1493 420 1539 prorsus
454 1478 610 1524 deleta
642 1479 722 1534 sit,
762 1479 825 1534 V3
865 1480 1052 1534 ΛΞΘΖ
1085 1479 1184 1524 cod.
1219 1484 1258 1524 2.
1321 1481 1342 1524 Ι
1373 1496 1418 1537 p.
1452 1485 1553 1538 390,
1587 1487 1634 1525 6:
1671 1481 1793 1539 ΗΞ]

110 1561 224 1592 corr.
265 1561 321 1591 ex
362 1549 460 1590 ΗΓ
499 1546 658 1590 littera
697 1546 720 1599 ξ
761 1546 820 1590 ad
864 1549 908 1589 Γ
943 1546 1163 1590 adiuncta
1201 1546 1265 1602 V,
1316 1549 1464 1595 ΗΓΞ
1498 1540 1600 1591 cod.
1634 1552 1675 1593 2.
1746 1550 1796 1591 et

110 1614 297 1663 omnino
329 1613 472 1657 etiam
495 1611 781 1669 apertissimi
805 1626 980 1657 errores
1006 1613 1179 1657 codicis
1202 1613 1245 1658 V
1268 1614 1364 1658 fere
1392 1628 1549 1659 omnes
1573 1612 1624 1656 in
1647 1613 1747 1659 cod.
1767 1618 1792 1657 2

108 1678 422 1754 reperiuntur,
455 1679 589 1723 uelut
618 1678 940 1736 dittographia
970 1679 991 1722 Ι
1021 1695 1064 1736 p.
1099 1684 1200 1736 214,
1233 1684 1273 1724 5.
1336 1680 1514 1737 aliquid
1544 1683 1702 1724 tamen
1734 1679 1795 1723 ad

108 1745 424 1791 recensionem
454 1744 572 1790 utile
604 1744 713 1790 inde
744 1745 844 1803 peti
873 1760 1021 1802 posse,
1055 1746 1286 1804 explicaui
1316 1747 1338 1789 Ι
1369 1763 1412 1804 p.
1441 1748 1496 1792 V.

230 1827 334 1857 cum
364 1812 414 1855 in
446 1812 545 1856 cod.
571 1817 596 1856 3
631 1812 794 1856 eadem
825 1826 1013 1869 prorsus
1037 1813 1159 1857 ratio
1190 1814 1252 1857 sit
1282 1814 1457 1887 figurae
1481 1813 1536 1868 ΙΙ,
1563 1819 1617 1858 32
1652 1815 1792 1869 atque
1805 1824 1894 1858 Uat
1906 1823 1972 1856 205

107 1879 155 1923 in
189 1879 288 1923 cod.
322 1882 364 1935 2,
410 1877 450 1921 is
492 1891 675 1934 quoque
715 1891 743 1921 a
773 1878 816 1922 V
845 1879 1038 1953 pendet,
1088 1882 1136 1924 et
1175 1893 1280 1923 eum
1312 1893 1368 1923 ex
1404 1879 1507 1936 ipso
1542 1880 1597 1935 V,
1644 1894 1736 1924 non
1769 1895 1793 1924 e

109 1945 208 1990 cod.
241 1950 283 2000 2,
315 1943 599 2001 descriptum
632 1957 754 2000 esse,
787 1943 837 1987 hi
868 1945 1070 1990 maxime
1100 1945 1194 1990 loci
1225 1946 1495 1991 ostendunt:

228 2012 388 2055 notam
420 2009 441 2052 Ι
472 2026 516 2067 p.
549 2015 633 2054 267
669 2011 774 2057 adn.
808 2026 832 2055 e
866 2012 907 2056 V
940 2012 1150 2056 adlatam
1183 2013 1327 2057 etiam
1360 2015 1459 2059 cod.
1493 2019 1519 2057 3
1551 2013 1714 2070 habet,
1746 2014 1796 2058 in

110 2077 211 2122 cod.
244 2081 270 2121 2
304 2079 468 2121 contra
499 2077 670 2121 omissa
702 2078 774 2122 est
806 2078 854 2120 et
883 2078 1059 2135 figurae
1091 2093 1172 2123 suo
1205 2079 1308 2124 loco
1340 2079 1584 2136 repositae.
1867 2077 1870 2080 ’

201 2142 250 2185 Ἰ
281 2158 327 2200 p.
359 2146 461 2199 448,
495 2148 570 2188 17:
622 2144 725 2201 ΘΔ]
759 2146 839 2187 Δδ
869 2145 926 2200 V,
974 2149 1016 2188 Δ
1049 2159 1143 2201 seq.
1176 2144 1263 2190 lac.
1298 2151 1320 2189 1
1354 2146 1446 2191 litt.
1482 2146 1584 2191 cod.
1617 2151 1666 2202 2,
1705 2150 1795 2190 ΑΛ

111 2210 211 2253 cod.
236 2214 277 2254 3.
339 2208 500 2264 itaque
530 2209 774 2253 librarium
806 2210 906 2255 cod.
939 2215 965 2253 3
998 2211 1120 2255 ratio
1152 2212 1330 2268 figurae
1361 2213 1410 2256 111
1444 2212 1482 2257 V
1515 2212 1563 2256 in
1596 2214 1795 2257 eundem

111 2287 315 2319 errorem
352 2274 553 2320 induxit.
617 2277 823 2320 ceterum
860 2278 1056 2322 Ioannes
1088 2278 1434 2335 HydruntinuS,
1474 2280 1556 2335 qui
1594 2282 1642 2324 et
1671 2279 1795 2325 hunc

112 2340 213 2385 cod.
247 2343 295 2385 et
333 2341 431 2386 cod.
464 2347 493 2385 4
534 2343 582 2386 et
615 2346 668 2386 15
710 2342 918 2400 scripsit,
966 2343 1025 2388 ab
1069 2359 1110 2389 a.
1145 2350 1259 2389 1535
1300 2346 1359 2389 ad
1399 2359 1439 2388 a.
1476 2349 1590 2389 1550
1628 2360 1795 2389 munus

112 2405 494 2463 „instauratoris“
524 2408 748 2453 librorum
781 2409 1062 2454 Graecorum
1101 2412 1226 2468 apud
1266 2425 1439 2468 papam
1479 2411 1704 2467 obtinuit,
1743 2418 1796 2455 ut

114 2473 309 2529 adparet
340 2487 396 2518 ex
425 2473 496 2529 iis,
530 2490 649 2530 quae
680 2477 738 2520 de
772 2477 940 2521 salario
974 2476 1018 2520 ei
1047 2479 1288 2523 numerato
1321 2478 1516 2534 collegit
1537 2477 1699 2521 Miintz
1729 2477 1796 2521 La

111 2537 442 2595 Bibliotheque
481 2541 543 2584 du
574 2542 774 2587 Vatican
813 2557 872 2586 au
902 2543 1033 2588 XVIe
1065 2544 1204 2589 siecle
1243 2559 1288 2601 p.
1324 2548 1572 2588 101-104.
1633 2543 1793 2600 itaque

116 2617 222 2647 011111
253 2605 354 2651 cod.
377 2605 422 2649 V
451 2608 652 2663 pessime
683 2608 871 2653 habitus
904 2609 965 2653 sit
995 2610 1035 2666 (1
1062 2626 1106 2667 p.
1132 2610 1229 2666 IV),
1261 2623 1318 2653 ne
1350 2625 1437 2654 usu
1467 2609 1656 2666 periret,
1690 2624 1795 2654 eum

113 2682 196 2725 pro
230 2672 533 2717 suo'munere
573 2674 872 2732 descripsisse
915 2677 1149 2732 putandus
1188 2678 1272 2721 est.
1335 2678 1382 2720 et
1419 2677 1507 2721 hoc
1548 2677 1620 2720 est
1651 2689 1794 2731 „apo-

115 2737 375 2792 graphum“
412 2736 552 2794 illud,
600 2741 724 2795 quod.
769 2742 818 2785 in
855 2741 979 2786 notis
1018 2742 1068 2785 in
1104 2742 1147 2786 V
1186 2757 1279 2799 mg.
1319 2757 1460 2787 manu
1497 2742 1674 2786 recenti
1713 2741 1796 2785 ad-

117 2801 302 2857 scriptis
333 2803 524 2860 citatur,
564 2806 696 2850 uelut
725 2806 746 2849 I
777 2822 822 2864 p.
855 2813 896 2863 2,
932 2812 985 2852 15
1026 2805 1106 2852 διὰ
1147 2807 1198 2852 τὸ
1239 2805 1357 2863 πρὸς
1397 2805 1548 2865 ευπλῳ
1588 2810 1680 2852 κτλ.
1746 2802 1793 2860 ἐξ

116 2863 398 2925 ἄπογράφου
431 2869 667 2915 εἰκονικοῦ
703 2873 764 2929 (h.
792 2887 829 2917 e.
864 2873 1098 2929 adcurati,
1138 2873 1330 2930 fidelis);
1377 2887 1487 2917 nam
1521 2852 1593 2917 ita
1634 2872 1735 2918 cod.
1767 2879 1793 2917 3

25 2967 27 2969 .
118 2931 288 2993 (ἕκπλῳ
319 2934 490 2981 rectius
523 2938 622 2982 cod.
657 2939 724 2994 2);
757 2939 837 2984 cfr.
870 2941 1112 2996 praeterea
1141 2940 1190 2984 in
1223 2940 1393 2984 Sereno
1427 2939 1515 2996 (ed.
1547 2938 1753 2996 Halley):
