2046 3256
251 178 359 230 144
720 176 1159 221 COMMENTARIA
1188 176 1471 232 ANTIQUA.

249 299 422 366 [Eucl.
449 298 547 368 III,
574 300 646 365 7].
710 293 872 367 κοινὴ
907 295 969 351 δὲ
1001 294 1036 368 ἡ
1069 298 1123 351 F
1116 301 1189 366 A,
1227 300 1327 352 καί
1353 300 1496 353 εἰσιν
1529 299 1591 354 αἰ
1618 300 1756 371 πρὸς
1785 301 1861 374 τῷ
1889 306 1945 355 Δ

246 390 449 457 γωνίαι
484 385 680 458 ὀρθαί·
722 389 921 457 μείζων
962 383 1071 457 ἄρα
1105 385 1255 441 ἐστὶν
1294 385 1329 457 ἡ
1360 391 1472 442 ΒΓ
1502 390 1598 458 τῆς
1628 392 1745 443 ΓΖ.
1803 386 1942 444 κατὰ

245 473 312 531 τὰ
364 472 504 529 αὐτὰ
554 474 646 529 καὶ
685 471 720 545 ἡ
760 478 862 529 ΓΖ
909 477 1005 546 τῆς
1043 478 1095 529 F
1091 481 1145 529 A
1189 479 1388 546 μείζων
1436 476 1607 531 ἐστίν·
1670 473 1809 532 ὥστε
1855 499 1942 549 με·

246 568 406 635 γίστη
447 564 550 636 μέν
590 565 739 620 ἐστιν
780 561 814 635 ἡ
854 568 977 634 ΓΒ,
1018 564 1273 635 ἐλαχίστη
1316 562 1378 619 δὲ
1415 561 1450 635 ἡ
1491 569 1605 620 ΓΑ.

187 669 213 707 5
358 652 431 724 β’.
483 651 645 708 Ἀλλὰ
689 651 758 724 δὴ
797 651 966 708 πάλιν
1003 649 1037 724 ἡ
1072 649 1178 708 ἀπὸ
1211 655 1312 708 τοῦ
1346 657 1400 708 Γ
1428 653 1667 720 κάθετος
1698 651 1942 727 ἀγομένη
2043 635 2046 701 Ξ

245 744 482 800 πιπτέτω
525 743 612 798 ἐπὶ
646 745 740 814 τῆς
771 746 1124 814 περιφερείας
1155 745 1257 797 τοῦ
1289 748 1398 797 ΑΒ
1438 741 1650 799 κύκλου
1679 743 1771 798 καὶ
1805 747 1942 800 ἔστω

243 829 277 903 ἡ
325 837 457 903 ΓΑ,
511 831 604 887 καὶ
650 830 821 886 πάλιν
870 831 957 886 ἐπὶ
1004 834 1065 886 τὸ
1113 831 1234 886 κε’ν-
1332 843 1390 884 Γ

243 942 379 990 τρον
402 924 503 976 τοῦ
526 923 736 976 κύκλου
759 922 822 975 τὸ
843 927 897 974 Δ
923 918 1232 991 ἐπεζεύχθω

244 1007 276 1080 ἡ
304 1017 356 1064 A
366 1015 421 1064 A
451 1009 544 1064 καὶ
577 1008 934 1080 ἐκβεβλήσθω
968 1009 1055 1064 ἐπὶ
1080 1012 1142 1065 τὸ
1167 1015 1232 1079 Β,

157 1113 210 1152 10
243 1098 335 1153 καὶ
371 1098 680 1170 ἐπεζεύχθω
712 1096 888 1169 ἡΒΓ.
951 1101 1112 1170 λε’γω,
1148 1096 1232 1154 ὅτι

243 1190 470 1258 μεγίστη
520 1188 621 1259 μέν
670 1189 820 1243 ἐστιν
869 1184 903 1258 ἡ
948 1191 1065 1258 ΒΓ,
1114 1189 1230 1243 ἐλα-

242 1281 399 1348 χίστη
443 1275 503 1332 δὲ
542 1274 576 1348 ἡ
617 1281 739 1332 AF.

355 1363 440 1421 ὅτι
464 1365 566 1436 μὲν
593 1359 698 1421 οὖν
723 1370 922 1436 μείζων
947 1362 982 1436 ἡ
1010 1370 1109 1420 ΓΒ
1137 1369 1235 1437 τῆς
1294 1284 1877 1448 Alm
1897 1408 1915 1440 ί

242 1458 368 1524 ΓΑ,
409 1453 662 1526 φανερόν
703 1456 945 1524 [Eucl.I,
982 1457 1088 1524 19].
1152 1458 1229 1510 ὃι-
1360 1428 1877 1571 w

155 1558 210 1599 15
243 1543 400 1616 ήχθω
427 1544 493 1599 δέ
512 1565 594 1608 τις
617 1543 708 1599 καὶ
734 1543 890 1616 ἑτέρα
914 1540 948 1614 ’ἣ
974 1548 1095 1613 ΓΕ,
1135 1544 1229 1598 καὶ

242 1631 554 1704 ἐπεζεύχθω
586 1629 619 1702 ἡ
654 1640 707 1687 A
718 1638 779 1688 E.
851 1632 966 1688 ἐπεὶ
1000 1632 1292 1703 διάμετρός
1325 1634 1474 1689 ἐστιν
1506 1630 1540 1705 ἡ
1577 1639 1700 1704 ΑΒ,
1739 1637 1940 1705 μείζων

242 1721 393 1776 ἐστὶν
431 1724 530 1792 τῆς
560 1727 674 1776 ΑΕ
713 1723 887 1790 [Eucl.
919 1723 1019 1794 ΙΙΙ,
1054 1723 1161 1791 15].
1231 1722 1323 1778 καὶ
1365 1722 1557 1788 αὐταῖς
1594 1725 1732 1794 πρὸς
1763 1719 1942 1795 ὀρθὰς

239 1807 274 1881 ἡ
301 1817 353 1865 Α
372 1814 426 1865 Γ
458 1812 631 1878 [Eucl.
648 1812 726 1865 XI
743 1813 844 1866 def.
863 1814 945 1880 3]·
977 1816 1177 1882 μείζων
1201 1812 1310 1884 ἄρα
1336 1812 1486 1867 ἐστὶν
1510 1809 1543 1883 ἡ
1569 1816 1671 1867 ΓΒ
1701 1813 1797 1883 τῆς
1821 1816 1939 1868 ΓΕ.

243 1896 451 1970 ὁμοίως
489 1899 581 1953 καὶ
612 1904 822 1956 πασῶν.
883 1900 976 1955 καὶ
1015 1899 1151 1956 κατὰ
1189 1899 1255 1956 τὰ
1297 1897 1436 1969 αὐτὰ
1476 1905 1675 1972 μείζων
1716 1901 1940 1973 δειχθή-

149 2003 207 2042 20
241 2005 391 2044 σεται
424 1985 458 2058 ἡ
496 1993 603 2044 ΕΓ
626 1991 723 2059 τῆς
747 1993 861 2044 ΓΑ.
910 1986 1049 2044 ὥστε
1081 1994 1307 2061 μεγίστη
1341 1990 1443 2061 μὲν
1467 1987 1501 2061 ἡ
1527 1994 1647 2061 ΒΓ,
1682 1990 1936 2062 ἐλαχίστη

241 2075 301 2132 δὲ
333 2074 367 2148 ἡ
394 2081 494 2131 ΓΛ
531 2086 646 2133 τῶν
677 2077 785 2133 ἀπὸ
818 2080 920 2133 τοῦ
944 2082 998 2133 Γ
1030 2083 1263 2150 σημείου
1294 2082 1431 2152 πρὸς
1460 2082 1560 2135 τὸν
1585 2085 1694 2134 ΑΒ
1726 2078 1936 2135 κύκλον

237 2171 707 2238 προσπιπτουσῶν
747 2165 1005 2223 εὐθειῶν.
1114 2206 1120 2207 ⁷

349 2255 420 2326 γ’.
493 2259 618 2311 Τῶν
667 2253 853 2312 αὐτῶν
899 2253 1286 2327 ὑποκειμένων
1332 2257 1570 2312 πιπτέτω
1618 2253 1653 2328 ἡ
1698 2257 1936 2324 κάθετος

240 2345 393 2409 ἐκτὸς
429 2353 533 2400 τοῦ
572 2345 782 2400 κύκλου
820 2346 909 2400 καὶ
947 2349 1083 2400 ἔστω
1116 2342 1150 2416 ἡ
1184 2349 1305 2416 ΓΛ,
1344 2346 1436 2400 καὶ
1477 2345 1564 2400 ἐπὶ
1601 2348 1663 2401 τὸ
1702 2347 1934 2418 κέντρον

150 2445 205 2484 25
239 2436 340 2487 τοῦ
372 2432 583 2488 κύκλου
613 2437 674 2488 τὸ
707 2439 760 2488 Ε
796 2435 1179 2506 ἐπιζευχθεῖσα
1209 2432 1243 2504 ἡ
1277 2440 1393 2489 ΔΕ
1429 2434 1802 2505 ἐκβεβλήσθω,
1840 2436 1934 2492 καὶ

242 2520 664 2592 ἐπεζεύχθωσαν
706 2525 768 2576 αἱ
795 2528 850 2577 A
862 2527 922 2593 F,
955 2527 1072 2579 ΒΓ.
1132 2524 1273 2593 λέγω
1316 2521 1404 2593 δή,
1446 2520 1531 2578 ὅτι
1571 2528 1797 2594 μεγίστη
1830 2524 1932 2594 μέν

239 2612 391 2665 ἐστιν
424 2607 457 2679 ἡ
483 2614 602 2681 ΒΓ,
644 2613 898 2682 ἐλαχίστη
935 2612 997 2666 δὲ
1028 2609 1062 2682 ἡ
1089 2616 1204 2666 AF
1234 2614 1428 2667 πασῶν
1467 2615 1582 2667 τῶν
1614 2609 1721 2668 ἀπὸ
1752 2621 1854 2668 τοῦ
1886 2618 1940 2668 Γ

239 2701 376 2770 πρὸς
413 2702 511 2754 τὸν
551 2704 658 2753 ΑΒ
697 2698 905 2755 κύκλον
944 2703 1412 2771 προσπιπτουσῶν
1451 2698 1709 2756 εὐθειῶν.

352 2785 435 2842 ὅτι
476 2787 578 2859 μὲν
618 2781 722 2844 οὖν
762 2793 962 2859 μείζων
995 2789 1145 2844 ἐστὶν
1178 2786 1212 2860 ἡ
1246 2793 1355 2844 ΒΓ
1393 2796 1490 2860 τῆς
1521 2793 1638 2859 ΓΑ,
1679 2787 1929 2862 φανερόν

152 2886 208 2926 30
243 2876 418 2943 [Eucl.
448 2878 490 2947 I,
527 2879 634 2945 19].
697 2878 837 2947 λέγω
872 2877 959 2947 δή,
1003 2875 1086 2933 ὅτι
1117 2877 1209 2933 καὶ
1240 2880 1435 2933 πασῶν
1466 2880 1580 2933 τῶν
1613 2874 1720 2932 ἀπὸ
1752 2879 1855 2933 τοῦ
1883 2881 1937 2933 Γ

358 2985 428 3024 30.
461 2977 542 3039 δή]
578 2978 631 3025 δέ
661 2979 875 3027 Hultsch.
