2046 3256
249 142 362 195 260
722 140 1163 185 COMMENTARIA
1194 141 1474 194 ANTIQUA.

251 263 312 317 ἐν
350 262 426 337 τῷ
469 261 632 335 ῥητῷ.
709 262 761 314 εἰ
800 258 862 315 δὲ
902 259 1145 330 ἐξωτέρω
1185 262 1381 333 ληφθῇ
1421 257 1484 315 τὸ
1521 264 1584 314 Η
1617 263 1720 316 τοῦ
1753 265 1820 331 Ε,
1859 261 1951 316 καὶ

248 348 282 420 ἡ
325 347 419 404 ἀπ’
458 346 633 404 αὐτοῦ
672 358 738 421 τῇ
778 354 886 403 ΕΖ
923 347 1280 420 παράλληλος
1318 346 1523 420 μεταξὺ
1562 350 1702 422 πέσῃ
1740 352 1855 405 τῶν
1889 355 1952 419 Ζ,

251 442 322 510 Γ,
369 436 431 493 τὸ
471 444 519 492 Θ
567 448 800 509 σημεῖον
838 449 992 494 ποιεῖ’
1025 438 1257 503 πτώσεις
1296 439 1480 492 πέντε·
1527 433 1562 508 ἢ
1601 436 1710 511 γὰρ
1751 437 1954 510 μεταξὺ

249 530 363 583 τῶν
403 532 482 598 Δ,
524 532 571 581 Β
621 531 805 582 πίπτει
851 523 885 598 ἢ
931 526 1019 582 ἐπὶ
1057 525 1120 582 τὸ
1160 532 1207 581 Β
1248 523 1283 598 ἢ
1325 524 1527 599 μεταξὺ
1565 529 1680 583 τῶν
1719 532 1794 598 Β,
1836 533 1881 582 Ζ
1918 523 1954 598 ἢ

191 629 218 670 5
251 617 339 672 ἐπὶ
386 614 463 672 τὸ,
493 622 538 670 Ζ
563 611 619 687 ἢ
661 614 866 688 μεταξὺ
902 618 1017 672 τών
1059 622 1122 686 Ζ,
1165 620 1223 671 Γ.
1302 614 1404 671 ἐὰν
1445 614 1507 671 δὲ
1545 613 1579 688 ἡ
1621 614 1717 671 διὰ
1754 619 1858 672 τοῦ
1897 621 1963 671 Η

247 709 315 778 τῇ
369 705 683 778 κατηγμένῃ
739 703 1090 778 παράλληλος
1147 705 1235 760 ἐπὶ
1280 703 1344 760 τὸ
1394 710 1449 761 Γ
1485 705 1721 779 κέντρον
1766 710 1957 779 πίπτῃ,

249 795 312 850 τὸ
369 799 417 848 Θ
477 793 649 849 πάλιν
714 805 948 866 σημεῖον
1007 793 1228 865 ποιήσει
1283 792 1454 860 ἄλλας
1506 795 1670 850 πέντε
1722 794 1959 861 πτώσεις

251 881 538 949 ὡσαύτως·
593 883 686 938 καὶ
743 887 833 939 δεῖ
882 883 970 938 ἐπὶ
1024 882 1203 957 τούτῳ
1255 884 1707 956 σημειώσασθαι,
1763 881 1849 939 ὅτι
1895 881 1957 940 τὸ

251 970 361 1028 ὑπὸ
403 975 520 1028 τών
559 971 934 1044 παραλλήλων
981 983 1101 1037 ταῖς
1139 978 1271 1043 ΕΔ,
1309 979 1414 1027 ΕΖ
1461 972 1804 1045 γιγνόμενον
1848 978 1959 1045 τρί-

167 1076 223 1116 10
255 1083 446 1133 γωνον
479 1067 607 1116 ἴσον
639 1065 852 1131 γίνεται
883 1064 960 1137 τῷ
995 1066 1101 1116 ΛΒ
1113 1066 1164 1118 Γ
1188 1061 1467 1137 τριγώνῳ·
1510 1061 1626 1117 ἐπεὶ
1655 1061 1764 1134 γάρ
1789 1064 1959 1132 ἐστιν,

256 1149 332 1216 ὡς
377 1152 440 1206 τὸ
483 1147 594 1206 ἀπὸ
633 1156 738 1206 ΕΖ
777 1149 916 1222 πρὸς
956 1149 1020 1206 τὸ
1061 1147 1167 1206 ἀπὸ
1202 1156 1333 1222 ΗΓ,
1371 1150 1434 1206 τὸ
1475 1157 1645 1206 ΕΔΖ
1681 1154 1961 1223 τρίγωνον

252 1238 394 1311 πρὸς
438 1237 502 1294 τὸ
542 1243 737 1294 ΗΘΓ·
785 1237 953 1311 ὅμοια
999 1238 1129 1311 γάρ·
1179 1237 1254 1305 ὡς
1302 1240 1365 1295 δὲ
1411 1238 1474 1296 τὸ
1522 1237 1632 1296 ἀπὸ
1674 1245 1777 1294 ΕΖ
1823 1238 1962 1312 πρὸς

252 1326 314 1384 τὸ
356 1326 466 1383 ἀπὸ
506 1332 645 1399 ΗΓ,
692 1329 754 1384 τὸ
794 1326 905 1384 ὑπὸ
947 1334 1115 1383 ΒΖΑ
1153 1327 1292 1399 πρὸς
1332 1326 1392 1384 τὸ
1431 1326 1542 1385 ὑπὸ
1581 1333 1764 1399 ΒΓΑ,
1806 1350 1963 1384 τουτ-

255 1418 370 1472 έστι
409 1416 470 1473 τὸ
512 1415 622 1473 ἀπὸ
665 1422 786 1488 ΒΓ,
827 1418 903 1483 ὡς
942 1416 1051 1491 ἄρα
1089 1416 1152 1473 τὸ
1195 1424 1364 1473 ΕΔΖ
1402 1422 1683 1490 τρίγωνον
1721 1415 1861 1491 πρὸς
1898 1415 1961 1474 τὸ

168 1521 223 1561 15
255 1511 442 1576 ΗΘΓ,
482 1505 544 1562 τὸ
585 1503 694 1562 ὑπὸ
730 1513 897 1562 ΒΖΑ
934 1510 1074 1579 πρὸς
1112 1508 1174 1562 τὸ
1213 1504 1322 1563 ἀπὸ
1361 1512 1477 1562 ΒΓ.
1541 1505 1615 1572 ὥς
1654 1506 1718 1563 δὲ
1746 1506 1810 1562 τὸ
1850 1503 1960 1562 ὑπὸ

256 1601 421 1651 ΒΖΑ
452 1593 591 1668 πρὸς
622 1593 685 1651 τὸ
720 1594 830 1651 ἀπὸ
860 1601 982 1667 ΒΓ,
1024 1594 1201 1662 οὕτως
1233 1598 1459 1669 ἐδείχθη
1494 1600 1622 1668 ἔχον
1653 1596 1716 1652 τὸ
1741 1601 1967 1650 ΛΒΖΕ

255 1686 666 1757 τετράπλευρον
706 1686 846 1757 πρὸς
883 1686 947 1741 τὸ
982 1690 1151 1740 ΛΒΓ
1181 1690 1480 1758 τρίγωνον·
1520 1685 1613 1740 καὶ
1653 1682 1728 1750 ὥς
1758 1682 1868 1757 ἄρα
1899 1684 1962 1740 τὸ

257 1779 372 1828 ΕΛ
382 1779 428 1829 Ζ
465 1778 743 1846 τρίγωνον
782 1773 923 1845 πρὸς
952 1772 1015 1830 τὸ
1047 1779 1232 1844 ΗΘΓ,
1271 1773 1334 1830 τὸ
1375 1780 1603 1829 ΛΒΖΕ
1635 1774 1966 1846 τετράπλευ-

258 1884 361 1934 ρον
393 1862 532 1935 πρὸς
555 1862 618 1918 τὸ
645 1869 697 1918 Λ
707 1868 819 1918 ΒΓ
841 1868 1135 1933 τρίγωνον.
1174 1862 1267 1917 καὶ
1292 1862 1544 1930 ἐναλλάξ.
1580 1863 1673 1918 καὶ
1696 1861 1878 1928 ἄλλως
1903 1862 1964 1917 δὲ

167 1966 225 2007 20
256 1951 460 2017 ταύτας
485 1953 734 2008 δυνατὸν
759 1953 934 2018 δεῖξαι
959 1952 1240 2022 λέγοντας,
1275 1950 1360 2008 ὅτι
1393 1951 1480 2007 ἐπὶ
1512 1954 1625 2007 τών
1654 1955 1964 2007 διπλασίων

257 2038 444 2096 αὐτῶν
483 2039 1081 2113 παραλληλογράμμων
1120 2049 1293 2096 ταῦτα
1325 2041 1600 2096 δέδεικται
1640 2042 1701 2096 ἐν
1733 2044 1808 2116 τῷ
1841 2056 1963 2113 σχο-

258 2133 359 2204 λίςο
398 2132 500 2185 τοῦ
533 2130 630 2200 μα’
669 2129 1055 2202 θεωρήματος.

372 2219 471 2275 ἐὰν
514 2219 576 2274 δὲ
614 2218 648 2290 ἡ
691 2220 784 2274 διὰ
824 2222 926 2275 τοῦ
965 2224 1031 2274 Η
1070 2222 1137 2292 τῇ
1178 2225 1282 2274 ΕΖ
1327 2217 1682 2291 παράλληλος
1717 2216 1963 2290 ἀγομένη

261 2306 464 2378 μεταξὺ
510 2308 650 2380 πέσῃ
691 2312 804 2363 τῶν
844 2312 909 2379 Γ,
938 2314 1010 2378 Α,
1051 2307 1457 2379 ἐκβληθήσεται
1497 2308 1618 2378 μέν,
1658 2308 1761 2373 ἕως
1801 2306 1892 2364 ὅτε
1929 2306 1964 2378 ἡ

173 2411 230 2450 25
266 2402 373 2453 ΓΕ
409 2395 549 2469 αὐτῇ
591 2397 872 2470 συμπέσῃ,
911 2396 973 2453 τὸ
1017 2396 1079 2452 δὲ
1118 2403 1166 2452 Θ
1205 2407 1436 2468 σημεῖον
1474 2396 1695 2468 ποιήσει
1734 2395 1968 2462 πτώσεις

389 2557 427 2597 1.
469 2552 658 2609 ληφθῇ]
692 2551 880 2608 scripsi,
919 2554 1100 2611 λειφθῇ
1132 2551 1208 2607 W,
1240 2554 1450 2621 ληφθείη
1484 2567 1529 2609 p,
1560 2568 1622 2599 m.
1653 2557 1681 2596 2
1714 2551 1788 2597 W.
1923 2555 1965 2595 3.

267 2627 328 2685 Θ]
366 2627 407 2671 Ο
437 2625 555 2683 Wp,
589 2638 706 2670 corr.
740 2626 916 2670 Comm.
1047 2630 1088 2671 4.
1123 2630 1159 2669 Β
1191 2621 1244 2684 ἥ]
1278 2628 1336 2685 βη
1368 2625 1442 2670 W.
1575 2630 1616 2673 5.
1649 2625 1724 2685 τό]
1760 2640 1875 2671 corr.
1909 2639 1966 2670 ex

267 2688 329 2746 τῷ
365 2686 439 2730 W.
593 2682 644 2742 ἥ]
678 2684 763 2728 inS.
796 2700 855 2729 m.
894 2690 916 2728 1
951 2685 1026 2729 W.
1169 2690 1209 2730 6.
1242 2686 1411 2744 πίπτῃ]
1445 2686 1627 2743 scripsi,
1658 2687 1820 2731 πίπτει
1849 2684 1965 2741 Wp.

329 2750 398 2789 13.
431 2740 528 2789 ὑπό
546 2743 687 2802 (alb.)]
722 2743 943 2801 om.Wp,
976 2758 1091 2789 corr.
1121 2743 1295 2789 Comm.
1417 2743 1661 2790 τουτέστιν
1684 2744 1758 2790 W.
1893 2749 1963 2789 16.

264 2804 467 2860 ABZE]
492 2807 534 2847 Λ
559 2818 675 2848 corr.
695 2817 751 2848 ex
767 2806 803 2846 A
827 2802 902 2857 W,
936 2805 1114 2847 ABZE
1139 2818 1184 2859 p.
1281 2808 1348 2850 18.
1374 2800 1742 2862 τετράπλευρον]
1766 2800 1966 2847 -άπλεν-

266 2863 316 2906 in
332 2878 421 2908 ras.
439 2863 515 2909 W.
628 2867 698 2908 19.
724 2867 807 2908 ΛΒ
820 2863 885 2921 Γ]
911 2866 993 2905 ΑΒ
1007 2866 1049 2906 Γ
1068 2862 1184 2919 Wp,
1218 2877 1332 2910 corr.
1353 2861 1528 2908 Comm.
1638 2866 1707 2909 21.
1737 2859 1788 2907 ἐν
1806 2862 1892 2921 τῷ]
1919 2877 1965 2918 p,

268 2942 416 2996 όντως
446 2945 524 2991 W.
689 2943 876 3002 σκολίῳ]
910 2957 1060 3000 comp.
1079 2959 1124 3000 p,
1157 2934 1184 2997 Ξ
1215 2943 1290 2989 W.
1450 2948 1521 2988 23.
1565 2945 1636 3000 Η]
1675 2943 1725 2988 in
1764 2957 1854 2989 ras,
1888 2944 1962 2988 W.
