1976 3224
1887 46 1915 56 κ

271 89 347 142 64
938 85 1216 129 Reman
1246 80 1311 130 δ’.

269 206 336 262 τὰ
381 205 581 280 κυρτοὲ,
629 201 663 276 ἡ
711 201 1073 275 ἀντικειμένη.
1110 200 1249 277 αὐτῇ
1299 200 1534 276 οὐδεμιᾷ
1581 203 1696 258 τῶν
1735 198 1919 256 ἄντικε
1959 245 1967 265 ,

268 296 454 367 μένων
494 303 867 365 συμπεσεῖται.
1954 279 1955 282 “

382 388 630 439 ἔστωσαν
686 377 1058 451 ἀντικείμεναι
1116 381 1178 435 αἰ
1222 387 1299 450 A,
1332 385 1404 450 Β,
1460 378 1553 434 καὶ
1602 375 1884 451 ὑπερβολὴ
1955 422 1970 430 ⁴.

270 477 499 528 ΓΑΒΔ
553 469 818 541 ἑκατέραν
873 471 987 525 τῶν
1033 476 1103 538 A,
1142 474 1189 524 Β
1242 468 1482 540 τεμνέτω
1536 464 1674 523 κατὰ
1722 465 1827 522 δύο
1876 481 1924 522 σι

208 579 237 619 5
271 571 396 630 μεῖα
457 557 910 630 ἀντεστραμμένα
971 561 1174 629 ἔχουσα
1229 555 1295 612 τὰ
1349 554 1540 629 κυρτοὶ.
1643 555 1818 626 λέγω,
1882 551 1924 610 δ”
1959 561 1969 587 ⁷·

270 647 304 720 ἡ
353 648 700 719 ἀντικειμένη
750 644 888 718 αὐτῇ
935 643 970 718 ἡ
1020 652 1121 701 ΕΖ
1176 644 1411 719 οὐδεμιᾷ
1455 648 1570 702 τῶν
1616 651 1695 717 Α,
1734 649 1781 699 Β
1833 658 1959 716 συμ

269 749 528 793 πεσεῖται.
708 735 709 738 ’

383 830 435 882 εἰ
470 825 576 896 γὰρ
618 823 882 894 δυνατόν,
922 824 1269 895 συμπιπτέτω
1307 832 1373 897 τῇ
1415 829 1469 878 Α
1505 820 1645 879 κατὰ
1675 819 1737 878 τὸ
1778 828 1844 893 Ε,
1876 842 1928 876 κι

273 916 692 987 ἐπεζεύχθωσαν
741 915 803 968 αἱ
836 917 972 984 ΓΑ,
1004 918 1114 968 ΔΒ
1159 912 1251 968 καὶ
1299 912 1789 984 ἐκβεβλήσθωσαν·
1837 926 1928 982 συμ
1970 945 1976 958 ι

184 1021 240 1061 10
271 1007 572 1061 πεσοῦνται
652 1002 720 1073 δὴ
1771 1007 1774 1010 ’

272 1092 550 1165 ἀλλήλαις.
590 1108 722 1164 συμ-

323 1182 672 1238 πιπτέτωσαν

271 1270 409 1326 κατὰ
501 1271 563 1326 τὸ
651 1277 721 1326 Θ·

275 1364 427 1416 ἔσται
467 1358 536 1431 δὴ
577 1358 639 1415 τὸ
677 1365 724 1414 Θ

189 1463 243 1502 15
277 1451 337 1504 ἐν
375 1452 442 1522 τῇ
477 1467 723 1520 περιεχο-

273 1537 407 1608 μένῃ
426 1541 596 1608 γωνίᾳ
612 1534 720 1591 ὑπὸ

274 1627 386 1678 τῶν
433 1621 724 1695 ἆσυμπτώ-

274 1732 386 1766 των
403 1715 501 1782 τῆς
514 1717 725 1766 ΓΑΒΔ

275 1793 458 1870 τομῆς.
470 1803 563 1853 καί
575 1800 723 1855 ἐστιν

185 1901 244 1940 20
277 1884 446 1958 αὐτῆς
491 1886 723 1943 ἀντικει-

276 1976 412 2045 μένη
453 1972 486 2045 ἡ
527 1981 650 2030 ΕΖ·
706 1974 740 2049 ἡ
787 1977 897 2051 ἄρα
946 1977 1054 2035 ἀπὸ
1102 1982 1204 2035 τοῦ
1241 1986 1294 2035 Ε
1338 1979 1425 2034 ἐπὶ
1462 1980 1526 2036 τὸ
1565 1985 1613 2035 Θ
1659 1981 1933 2051 ἐπιζευγνι

276 2063 412 2134 μένη
455 2062 609 2130 ἐντὸς
646 2077 891 2123 πεσεῖται
929 2071 1026 2139 τῆς
1064 2066 1173 2124 ὑπὸ
1215 2070 1330 2124 τῶν
1370 2074 1535 2124 ΑΘΒ
1578 2067 1934 2141 περιεχομένη

275 2156 491 2221 γωνίας.
554 2153 723 2210 πάλιν
764 2156 879 2211 ἐπεὶ
919 2154 1200 2229 ὑπερβολή
1242 2159 1391 2213 ἐστιν
1424 2154 1458 2228 ἡ
1490 2161 1689 2227 ΓΑΕ,
1712 2156 1804 2212 καὶ
1836 2171 1935 2228 συμ

275 2244 572 2295 πίπτουσιν
613 2244 672 2296 αἰ
708 2247 888 2313 ΓΑΘ,
929 2250 1050 2311 ΘΕ,
1091 2244 1183 2299 καὶ
1227 2245 1288 2299 αἱ
1323 2248 1387 2315 Γ,
1427 2251 1480 2298 Α
1519 2243 1864 2316 συμπτώσεις
1902 2266 1931 2302 ο

187 2339 244 2378 25
277 2329 590 2399 περιέχουσι
644 2332 748 2401 τὴν
796 2337 870 2402 Ε,
925 2330 987 2387 τὸ
1036 2338 1083 2387 Θ
1133 2343 1365 2403 σημεῖον
1413 2335 1564 2387 ἔσται
1610 2331 1809 2403 μεταξὺ
1856 2334 1931 2389 τῶ

277 2413 655 2486 ἆσυμπτώτων
693 2422 791 2490 τῆς
828 2425 997 2475 ΓΑΕ
1032 2424 1218 2492 τομῆς.
1293 2423 1392 2475 καί
1425 2420 1575 2475 ε’στιν
1615 2417 1785 2491 αὐτῆς
1822 2417 1935 2476 ἄντι

276 2505 497 2575 κειμένη
553 2503 586 2577 ἡ
635 2512 768 2562 ΒΛ·
823 2505 856 2578 ἡ
915 2508 1024 2580 ἄρα
1078 2505 1185 2564 ἀπὸ
1233 2510 1335 2564 τοῦ
1381 2513 1428 2562 Β
1477 2507 1566 2562 ἐπὶ
1610 2507 1672 2563 τὸ
1721 2514 1769 2563 Θ
1813 2509 1935 2565 ἐντὸ

276 2590 519 2648 πεσεῖται
564 2603 661 2664 τῆς
707 2592 815 2650 ὑπὸ
858 2601 1022 2651 ΓΘΕ
1056 2601 1280 2667 γωνίας·
1331 2593 1465 2668 ὅπερ
1506 2596 1736 2653 ἄτοπον·
1783 2599 1936 2652 ἔπιπτ

278 2682 384 2750 γὰρ
425 2682 515 2736 καὶ
556 2685 633 2747 εἰς
671 2681 773 2754 τὴν
813 2681 921 2739 ὑπὸ
963 2691 1143 2740 ΑΘΒ.
1222 2684 1324 2740 οὐκ
1355 2682 1464 2755 ἄρα
1501 2681 1534 2754 ἡ
1576 2690 1680 2739 ΕΖ
1718 2687 1817 2757 μιᾷ
1854 2687 1930 2740 m?

278 2775 347 2838 A,
380 2774 426 2823 Β
467 2782 833 2841 συμπεσεῖται.
