2046 3256
145 1091 201 1130 10

145 1550 201 1590 15

142 2009 201 2050 20

144 2453 202 2493 25

234 157 345 209 232
710 157 1149 202 COMMENTARIA
1179 158 1461 212 ANT1QUA.

234 275 362 332 νικὰ
419 275 704 348 γράφουσι
761 276 855 331 διὰ
911 274 1013 347 τὴν
1068 273 1310 349 ἀπορίαν
1364 277 1478 333 τῶν
1534 275 1797 350 ὀργάνων
1842 278 1936 334 καὶ

233 364 501 431 πολλάκις
548 364 640 420 διὰ
691 372 944 436 συνεχῶν
992 369 1238 437 σημείων
1275 365 1518 438 γράφειν
1556 366 1654 432 τὰς
1690 369 1793 423 τοῦ
1829 366 1936 424 κώ-

233 476 340 509 νου
387 452 559 526 τομὰς
605 454 666 509 ε’ν
713 453 979 528 ἐπιπέδῳ,
1028 453 1121 509 διὰ
1170 453 1377 511 τούτου
1423 463 1524 511 τοῦ
1571 454 1936 528 θεωρήματος

234 548 348 600 ἔστι
387 548 735 617 πορίσασθαι
775 545 979 615 συνεχῆ
1022 553 1239 615 σημεῖα,
1282 541 1355 599 δι’
1402 536 1483 600 ὧν
1522 543 1867 617 γραφήσεται
1899 548 1934 618 ἡ

233 633 523 704 παραβολὴ
569 631 811 698 κανόνος
857 633 1180 705 παραθέσει.
1260 632 1360 689 ἐὰν
1408 632 1516 706 γὰρ
1561 635 1812 706 ἐκθῶμαι
1851 634 1936 691 εὐ-

232 729 400 778 θεῖαν
446 719 521 788 ὥς
559 719 663 792 τὴν
700 727 810 776 ΑΒ
849 720 942 776 καὶ
983 719 1070 777 ἐπ’
1114 719 1285 793 αὐτῆς
1315 723 1467 793 λα’βω
1502 726 1706 796 συνεχῆ
1740 736 1940 796 σημεῖα

233 810 306 878 ὡς
345 810 411 867 τὰ
453 817 521 883 Ε,
559 817 604 866 Ζ
643 811 735 867 καὶ
775 808 868 866 ἀπ’
922 808 1107 867 αὐτῶν
1154 808 1293 882 πρὸς
1342 808 1521 883 ὀρθὰς
1566 815 1632 886 τῇ
1682 819 1791 869 ΑΒ
1842 813 1936 869 καὶ

230 901 447 972 ποιήσω
497 899 570 967 ὡς
619 899 718 966 τὰς
764 904 894 970 ΕΓ,
937 906 1045 955 ΖΔ
1091 898 1282 971 λαβὼν
1332 900 1420 956 ἐπὶ
1467 903 1564 973 τῆς
1612 906 1725 957 ΕΓ
1760 902 1933 974 τυχὸν

233 1000 467 1061 σημεῖον
513 988 576 1045 τὸ
617 994 689 1060 Γ,
738 991 788 1044 εἰ
829 988 931 1060 μὲν
972 986 1277 1062 εὐρυτέραν
1316 994 1666 1062 βουληθείην
1704 994 1937 1062 ποιῆσαι

232 1077 588 1151 παραβολήν,
628 1076 820 1151 πόρρω
861 1086 964 1133 τοῦ
1003 1083 1076 1148 Ε,
1119 1081 1170 1132 εἰ
1208 1076 1270 1133 δὲ
1310 1078 1673 1152 στενωτέραν,
1718 1079 1935 1151 ἐγγύτε-

233 1189 362 1238 ρον,
409 1166 503 1222 καὶ
543 1166 786 1239 ποιήσω,
829 1165 902 1232 ὡς
939 1165 1043 1238 τὴν
1084 1173 1198 1222 ΑΕ
1233 1165 1371 1239 πρὸς
1411 1174 1544 1239 ΑΖ,
1583 1167 1647 1224 τὸ
1689 1166 1798 1225 ἀπὸ
1831 1174 1943 1225 ΕΓ

232 1256 371 1327 πρὸς
429 1255 491 1312 τὸ
547 1254 654 1311 ἀπὸ
705 1261 842 1327 ΖΔ,
898 1255 965 1311 τὰ
1014 1261 1083 1326 Γ,
1132 1263 1188 1311 Δ
1239 1267 1438 1329 σημεῖα
1487 1257 1574 1312 ἐπὶ
1619 1260 1717 1330 τῆς
1762 1266 1937 1330 τομῆς

233 1350 400 1401 ἔσται.
465 1342 670 1416 ὁμοίως
711 1343 773 1400 δὲ
812 1345 905 1400 καὶ
945 1345 1085 1400 ἄλλα
1126 1343 1442 1417 ληψόμεθα,
1483 1343 1559 1402 δι’
1605 1339 1687 1403 ὧν
1717 1347 1932 1421 γραφή-

233 1452 385 1490 σεται
426 1431 460 1505 ἡ
500 1433 808 1507 παραβολή.

898 1541 1016 1603 Εἰς
1053 1536 1123 1594 τὸ
1163 1538 1270 1594 κα’.

354 1638 427 1696 Τὸ
468 1640 738 1713 θεώρημα
778 1644 971 1713 σαφῶς
1011 1645 1247 1698 ἔκκειται
1285 1643 1379 1697 καὶ
1417 1645 1631 1698 πτῶσιν
1668 1640 1771 1699 οὐκ
1803 1647 1936 1715 ἔχει·

235 1734 323 1785 δεῖ
359 1731 552 1801 μέντοι
594 1731 908 1802 ἐπιστῆσαι,
951 1728 1035 1787 ὅτι
1075 1729 1108 1801 ἡ
1150 1728 1280 1803 παρ’
1325 1728 1397 1802 ἣν
1440 1731 1739 1802 δύνανται,
1777 1754 1935 1789 τουτ-

236 1820 387 1874 έστιν
435 1816 469 1890 ἡ
519 1818 692 1891 ὀρθία
737 1819 975 1891 πλευρά,
1024 1820 1113 1875 ἐπὶ
1158 1828 1264 1876 τοῦ
1308 1819 1517 1876 κύκλου
1566 1828 1656 1893 ἴση
1706 1822 1822 1878 ἐστὶ
1867 1831 1933 1896 τῇ

238 1908 529 1982 διαμέτρῳ.
593 1912 645 1963 εἰ
680 1907 787 1980 γάρ
829 1910 1000 1978 ἐστιν,
1042 1906 1116 1974 ὥς
1154 1931 1217 1964 το
1252 1907 1360 1965 ἀπὸ
1397 1916 1514 1964 ΔΕ
1549 1908 1687 1982 πρὸς
1723 1909 1787 1967 τὸ
1820 1909 1931 1967 ὑπὸ

234 2002 419 2068 ΑΕΒ,
460 1994 494 2067 ἡ
533 2001 642 2052 ΓΑ
681 1994 821 2070 πρὸς
859 2003 994 2067 ΑΒ,
1036 2003 1162 2053 ἴσον
1204 1997 1264 2053 δὲ
1302 1996 1365 2054 τὸ
1407 1997 1516 2053 ἀπὸ
1557 2005 1674 2055 ΔΕ
1707 2003 1784 2076 τῷ
1821 1997 1932 2057 ὑπὸ

233 2090 400 2139 ΑΕΒ
458 2084 545 2140 ἐπὶ
599 2087 705 2141 τοῦ
759 2083 968 2142 κύκλου
1023 2086 1228 2157 μόνου,
1286 2092 1376 2157 ἴση
1435 2085 1544 2159 ἄρα
1597 2088 1690 2144 καὶ
1744 2086 1779 2160 ἡ
1826 2094 1935 2144 ΓΑ

232 2175 298 2246 τῇ
340 2179 464 2229 AB.

349 2265 436 2318 δεῖ
482 2262 544 2318 δὲ
590 2264 683 2319 καὶ
729 2266 894 2319 τοῦτο
945 2265 1179 2336 εἰδέναι,
1229 2263 1315 2321 ὅτι
1362 2268 1425 2320 αί
1458 2265 1832 2338 καταγόμεναι
1871 2267 1935 2322 ἐν’

232 2354 300 2424 τῇ
354 2355 457 2407 τοῦ
511 2350 720 2408 κύκλου
774 2358 1099 2428 περιφερείᾳ
1149 2352 1288 2426 πρὸς
1337 2352 1518 2426 ὀρθάς
1565 2357 1671 2410 εἰσι
1716 2356 1935 2420 πάντως

234 2442 302 2512 τῇ
350 2441 624 2514 διαμέτρῳ
664 2441 758 2495 καὶ
802 2441 883 2497 ἐπ’
937 2440 1162 2508 εὐθείας
1200 2446 1455 2513 γίνονται
1493 2453 1613 2509 ταῖς
1650 2442 1931 2515 παραλλή-

233 2535 353 2594 λοις
391 2531 457 2601 τῇ
499 2534 622 2585 ΑΓ.

349 2616 442 2673 διὰ
501 2617 581 2672 δὲ·
613 2617 817 2673 τούτου
863 2621 967 2674 τοῦ
1013 2622 1379 2691 θεωρήματος
1424 2623 1498 2696 τῷ
1548 2620 1697 2696 αὐτῷ
1746 2619 1932 2695 τρόπῳ

234 2717 352 2772 τοῖς
400 2707 487 2762 ε’πὶ
534 2708 632 2778 τῆς
677 2711 999 2780 παραβολῆς
1043 2708 1358 2780 εἰρημένοις
1396 2710 1762 2780 προσέχοντες
1800 2708 1933 2780 γρά-

359 2846 397 2885 1.
432 2839 698 2898 γράφουσιν
722 2839 797 2885 W.
906 2836 1131 2900 ἀπορίαν]
1162 2857 1205 2899 p,
1240 2855 1354 2886 corr.
1381 2855 1437 2886 ex
1462 2837 1692 2897 ἄπορειάν
1715 2856 1775 2887 m.
1806 2846 1829 2885 1
1855 2841 1930 2888 W.

298 2906 336 2944 4.
369 2898 493 2944 ἔστιν
512 2900 585 2946 W.
681 2904 718 2945 7.
744 2900 820 2959 τῇ]
847 2899 934 2955 τήν
950 2900 1066 2956 Wp,
1094 2915 1208 2946 corr.
1229 2899 1402 2945 Comm.
1503 2900 1583 2946 καὶ
1599 2898 1800 2959 ποιήσω]
1824 2899 1934 2946 fort.

237 2954 324 3002 δύο
353 2955 616 3017 ἀναστήσω.
709 2963 751 3006 8.
785 2959 891 3018 ΖΔ]
928 2963 960 3003 Ζ
984 2959 1099 3017 Wp,
1135 2974 1248 3008 corr.
1276 2960 1448 3007 Comm.
1543 2960 1663 3019 ΕΓ]
1699 2962 1793 3004 ΕΤ
1814 2959 1931 3016 Wp,
