<?xml version="1.0" encoding="UTF-8"?>
<!DOCTYPE html PUBLIC "-//W3C//DTD XHTML 1.0 Transitional//EN"
    "http://www.w3.org/TR/xhtml1/DTD/xhtml1-transitional.dtd">
<html xmlns="http://www.w3.org/1999/xhtml" xml:lang="en" lang="en">
 <head>
  <title>
</title>
<meta http-equiv="Content-Type" content="text/html;charset=utf-8" />
  <meta name='ocr-system' content='tesseract 3.04.00' />
  <meta name='ocr-capabilities' content='ocr_page ocr_carea ocr_par ocr_line ocrx_word'/>
</head>
<body>
  <div class='ocr_page' id='page_1' title='image "apolloniipergaei02apoluoft_0264.png"; bbox 0 0 2046 3256; ppageno 0'>
   <div class='ocr_carea' id='block_1_1' title="bbox 118 1055 175 1094">
    <p class='ocr_par' dir='ltr' id='par_1_1' title="bbox 118 1055 175 1094">
     <span class='ocr_line' id='line_1_1' title="bbox 118 1055 175 1094; baseline 0 0"><span class='ocrx_word' id='word_1_1' title='bbox 118 1055 175 1094; x_wconf 89' lang='lat'><strong><em>10</em></strong></span> 
     </span>
    </p>
   </div>
   <div class='ocr_carea' id='block_1_2' title="bbox 121 1500 174 1540">
    <p class='ocr_par' dir='ltr' id='par_1_2' title="bbox 121 1500 174 1540">
     <span class='ocr_line' id='line_1_2' title="bbox 121 1500 174 1540; baseline -0.019 0"><span class='ocrx_word' id='word_1_2' title='bbox 121 1500 174 1540; x_wconf 86' lang='lat'><strong><em>15</em></strong></span> 
     </span>
    </p>
   </div>
   <div class='ocr_carea' id='block_1_3' title="bbox 120 1943 178 1983">
    <p class='ocr_par' dir='ltr' id='par_1_3' title="bbox 120 1943 178 1983">
     <span class='ocr_line' id='line_1_3' title="bbox 120 1943 178 1983; baseline 0 0"><span class='ocrx_word' id='word_1_3' title='bbox 120 1943 178 1983; x_wconf 78' lang='lat'><strong><em>20</em></strong></span> 
     </span>
    </p>
   </div>
   <div class='ocr_carea' id='block_1_4' title="bbox 125 2389 182 2428">
    <p class='ocr_par' dir='ltr' id='par_1_4' title="bbox 125 2389 182 2428">
     <span class='ocr_line' id='line_1_4' title="bbox 125 2389 182 2428; baseline -0.018 0"><span class='ocrx_word' id='word_1_4' title='bbox 125 2389 182 2428; x_wconf 81' lang='lat'><strong><em>25</em></strong></span> 
     </span>
    </p>
   </div>
   <div class='ocr_carea' id='block_1_5' title="bbox 205 125 1427 180">
    <p class='ocr_par' dir='ltr' id='par_1_5' title="bbox 205 125 1427 180">
     <span class='ocr_line' id='line_1_5' title="bbox 205 125 1427 180; baseline -0.006 -3"><span class='ocrx_word' id='word_1_5' title='bbox 205 125 313 177; x_wconf 83' lang='lat'><strong><em>172</em></strong></span> <span class='ocrx_word' id='word_1_6' title='bbox 677 126 1115 170; x_wconf 84' lang='lat' dir='ltr'>COMMENTARIA</span> <span class='ocrx_word' id='word_1_7' title='bbox 1145 127 1427 180; x_wconf 81' lang='lat' dir='ltr'><strong>ANTIQUA.</strong></span> 
     </span>
    </p>
   </div>
   <div class='ocr_carea' id='block_1_6' title="bbox 204 241 1905 582">
    <p class='ocr_par' dir='ltr' id='par_1_6' title="bbox 204 241 1905 582">
     <span class='ocr_line' id='line_1_6' title="bbox 204 241 1905 317; baseline 0.001 -18"><span class='ocrx_word' id='word_1_8' title='bbox 204 248 388 315; x_wconf 99' lang='grc' dir='ltr'><em>ΑΒΓ,</em></span> <span class='ocrx_word' id='word_1_9' title='bbox 429 244 521 299; x_wconf 90' lang='grc' dir='ltr'><strong><em>καὶ</em></strong></span> <span class='ocrx_word' id='word_1_10' title='bbox 560 244 721 315; x_wconf 77' lang='grc' dir='ltr'><strong><em>ἤχθω</em></strong></span> <span class='ocrx_word' id='word_1_11' title='bbox 762 247 828 316; x_wconf 83' lang='grc' dir='ltr'><strong><em>τῇ</em></strong></span> <span class='ocrx_word' id='word_1_12' title='bbox 862 250 972 299; x_wconf 90' lang='grc' dir='ltr'><strong><em>ΛΒ</em></strong></span> <span class='ocrx_word' id='word_1_13' title='bbox 1013 241 1121 300; x_wconf 78' lang='grc' dir='ltr'><strong><em>ἀπὸ</em></strong></span> <span class='ocrx_word' id='word_1_14' title='bbox 1160 243 1426 317; x_wconf 79' lang='grc' dir='ltr'><strong><em>τυχόντος</em></strong></span> <span class='ocrx_word' id='word_1_15' title='bbox 1458 248 1691 317; x_wconf 85' lang='grc' dir='ltr'><strong><em>σημείου</em></strong></span> <span class='ocrx_word' id='word_1_16' title='bbox 1720 247 1823 301; x_wconf 83' lang='grc' dir='ltr'><strong><em>τοῦ</em></strong></span> <span class='ocrx_word' id='word_1_17' title='bbox 1851 250 1905 300; x_wconf 87' lang='grc' dir='ltr'><em>Ε</em></span> 
     </span>
     <span class='ocr_line' id='line_1_7' title="bbox 204 330 1900 404; baseline 0.001 -17"><span class='ocrx_word' id='word_1_18' title='bbox 204 333 344 403; x_wconf 89' lang='grc' dir='ltr'><strong><em>πρὸς</em></strong></span> <span class='ocrx_word' id='word_1_19' title='bbox 385 331 564 404; x_wconf 85' lang='grc' dir='ltr'><strong><em>ὀρθὰς</em></strong></span> <span class='ocrx_word' id='word_1_20' title='bbox 605 330 637 403; x_wconf 77' lang='grc' dir='ltr'>ἡ</span> <span class='ocrx_word' id='word_1_21' title='bbox 678 339 810 403; x_wconf 90' lang='grc' dir='ltr'><em>ΔΕ,</em></span> <span class='ocrx_word' id='word_1_22' title='bbox 850 334 943 388; x_wconf 90' lang='grc' dir='ltr'><strong><em>καὶ</em></strong></span> <span class='ocrx_word' id='word_1_23' title='bbox 986 331 1049 388; x_wconf 89' lang='grc' dir='ltr'><strong><em>τὸ</em></strong></span> <span class='ocrx_word' id='word_1_24' title='bbox 1090 334 1183 389; x_wconf 80' lang='grc' dir='ltr'><strong><em>διὰ</em></strong></span> <span class='ocrx_word' id='word_1_25' title='bbox 1222 337 1322 404; x_wconf 85' lang='grc' dir='ltr'><strong><em>τῆς</em></strong></span> <span class='ocrx_word' id='word_1_26' title='bbox 1362 339 1479 389; x_wconf 89' lang='grc' dir='ltr'><strong><em>ΔΕ</em></strong></span> <span class='ocrx_word' id='word_1_27' title='bbox 1515 335 1778 390; x_wconf 81' lang='grc' dir='ltr'><strong><em>ἐπίπεδον</em></strong></span> <span class='ocrx_word' id='word_1_28' title='bbox 1817 334 1900 390; x_wconf 79' lang='grc' dir='ltr'><strong><em>έκ-</em></strong></span> 
     </span>
     <span class='ocr_line' id='line_1_8' title="bbox 206 418 1900 494; baseline 0.002 -18"><span class='ocrx_word' id='word_1_29' title='bbox 206 420 420 492; x_wconf 74' lang='grc' dir='ltr'><strong><em>βληθὲν</em></strong></span> <span class='ocrx_word' id='word_1_30' title='bbox 454 419 636 492; x_wconf 89' lang='grc' dir='ltr'><strong><em>ὀρθὸν</em></strong></span> <span class='ocrx_word' id='word_1_31' title='bbox 667 419 806 493; x_wconf 88' lang='grc' dir='ltr'><strong><em>πρὸς</em></strong></span> <span class='ocrx_word' id='word_1_32' title='bbox 838 420 942 493; x_wconf 83' lang='grc' dir='ltr'><strong><em>τὴν</em></strong></span> <span class='ocrx_word' id='word_1_33' title='bbox 967 427 1075 478; x_wconf 92' lang='grc' dir='ltr'><strong><em>ΑΒ</em></strong></span> <span class='ocrx_word' id='word_1_34' title='bbox 1107 423 1348 494; x_wconf 83' lang='grc' dir='ltr'><strong><em>τεμνέτω</em></strong></span> <span class='ocrx_word' id='word_1_35' title='bbox 1380 420 1481 479; x_wconf 88' lang='grc' dir='ltr'><strong><em>τὸν</em></strong></span> <span class='ocrx_word' id='word_1_36' title='bbox 1510 425 1719 479; x_wconf 76' lang='grc' dir='ltr'><strong><em>κῶνον·</em></strong></span> <span class='ocrx_word' id='word_1_37' title='bbox 1753 418 1900 494; x_wconf 86' lang='grc' dir='ltr'><strong><em>ὀρθὴ</em></strong></span> 
     </span>
     <span class='ocr_line' id='line_1_9' title="bbox 205 509 1468 582; baseline 0.001 -17"><span class='ocrx_word' id='word_1_38' title='bbox 205 509 314 581; x_wconf 77' lang='grc' dir='ltr'><strong><em>ἄρα</em></strong></span> <span class='ocrx_word' id='word_1_39' title='bbox 347 510 496 566; x_wconf 83' lang='grc' dir='ltr'><strong><em>ἐστὶν</em></strong></span> <span class='ocrx_word' id='word_1_40' title='bbox 529 510 758 582; x_wconf 82' lang='grc' dir='ltr'><strong><em>ἑκατέρα</em></strong></span> <span class='ocrx_word' id='word_1_41' title='bbox 793 513 906 566; x_wconf 80' lang='grc' dir='ltr'><strong><em>τῶν</em></strong></span> <span class='ocrx_word' id='word_1_42' title='bbox 1410 543 1468 582; x_wconf 75' lang='lat' dir='ltr'><em>A</em></span> 
     </span>
    </p>
   </div>
   <div class='ocr_carea' id='block_1_7' title="bbox 206 598 1345 1011">
    <p class='ocr_par' dir='ltr' id='par_1_7' title="bbox 206 598 906 670">
     <span class='ocr_line' id='line_1_10' title="bbox 206 598 906 670; baseline -0.001 -15"><span class='ocrx_word' id='word_1_43' title='bbox 206 598 313 655; x_wconf 86' lang='grc' dir='ltr'><strong><em>ὑπὸ</em></strong></span> <span class='ocrx_word' id='word_1_44' title='bbox 363 605 559 669; x_wconf 87' lang='grc' dir='ltr'><em>ΑΕΔ,</em></span> <span class='ocrx_word' id='word_1_45' title='bbox 592 605 758 654; x_wconf 91' lang='grc' dir='ltr'><strong><em>ΑΕΖ</em></strong></span> <span class='ocrx_word' id='word_1_46' title='bbox 804 622 906 670; x_wconf 90' lang='grc' dir='ltr'><strong><em>γω-</em></strong></span> 
     </span>
    </p>

    <p class='ocr_par' dir='ltr' id='par_1_8' title="bbox 206 687 1043 761">
     <span class='ocr_line' id='line_1_11' title="bbox 206 687 1043 761; baseline -0.001 -17"><span class='ocrx_word' id='word_1_47' title='bbox 206 692 364 745; x_wconf 77' lang='grc' dir='ltr'><strong><em>νιῶν.</em></strong></span> <span class='ocrx_word' id='word_1_48' title='bbox 417 687 779 761; x_wconf 75' lang='grc' dir='ltr'><em>ὀρθογωνίου</em></span> <span class='ocrx_word' id='word_1_49' title='bbox 802 688 905 760; x_wconf 76' lang='grc' dir='ltr'><strong><em>μὲν</em></strong></span> <span class='ocrx_word' id='word_1_50' title='bbox 1004 712 1043 748; x_wconf 85' lang='lat' dir='ltr'><em>A</em></span> 
     </span>
    </p>

    <p class='ocr_par' dir='ltr' id='par_1_9' title="bbox 206 775 906 843">
     <span class='ocr_line' id='line_1_12' title="bbox 206 775 906 843; baseline -0.004 -9"><span class='ocrx_word' id='word_1_51' title='bbox 206 775 371 843; x_wconf 78' lang='grc' dir='ltr'><strong><em>ὄντος</em></strong></span> <span class='ocrx_word' id='word_1_52' title='bbox 423 781 525 834; x_wconf 86' lang='grc' dir='ltr'><strong><em>τοῦ</em></strong></span> <span class='ocrx_word' id='word_1_53' title='bbox 571 775 760 832; x_wconf 88' lang='grc' dir='ltr'><strong><em>κώνου</em></strong></span> <span class='ocrx_word' id='word_1_54' title='bbox 814 777 906 831; x_wconf 85' lang='grc' dir='ltr'><strong><em>καὶ</em></strong></span> 
     </span>
    </p>

    <p class='ocr_par' dir='ltr' id='par_1_10' title="bbox 206 840 1345 1011">
     <span class='ocr_line' id='line_1_13' title="bbox 206 840 1345 1011; baseline -0.003 -89"><span class='ocrx_word' id='word_1_55' title='bbox 206 865 386 939; x_wconf 73' lang='grc' dir='ltr'><strong><em>ὀρθῆς</em></strong></span> <span class='ocrx_word' id='word_1_56' title='bbox 471 870 732 936; x_wconf 65' lang='grc' dir='ltr'><strong><em>δηλονότι</em></strong></span> <span class='ocrx_word' id='word_1_57' title='bbox 811 869 908 936; x_wconf 72' lang='grc' dir='ltr'><strong><em>τῆς</em></strong></span> <span class='ocrx_word' id='word_1_58' title='bbox 1051 840 1345 1011; x_wconf 40' lang='lat' dir='ltr'><strong><em>»xxxx</em></strong></span> 
     </span>
    </p>
   </div>
   <div class='ocr_carea' id='block_1_8' title="bbox 209 952 1007 1031">
    <p class='ocr_par' dir='ltr' id='par_1_11' title="bbox 209 952 1007 1031">
     <span class='ocr_line' id='line_1_14' title="bbox 209 952 1007 1031; baseline -0.001 -21"><span class='ocrx_word' id='word_1_59' title='bbox 209 952 315 1010; x_wconf 77' lang='grc' dir='ltr'><strong><em>ὑπὸ</em></strong></span> <span class='ocrx_word' id='word_1_60' title='bbox 359 959 531 1010; x_wconf 85' lang='grc' dir='ltr'><strong><em>ΒΑΓ</em></strong></span> <span class='ocrx_word' id='word_1_61' title='bbox 578 959 786 1025; x_wconf 89' lang='grc' dir='ltr'><strong><em>γωνιάς</em></strong></span> <span class='ocrx_word' id='word_1_62' title='bbox 833 954 908 1020; x_wconf 76' lang='grc' dir='ltr'><strong><em>ὡς</em></strong></span> <span class='ocrx_word' id='word_1_63' title='bbox 956 992 1007 1031; x_wconf 87' lang='lat' dir='ltr'><em>B</em></span> 
     </span>
    </p>
   </div>
   <div class='ocr_carea' id='block_1_9' title="bbox 209 1014 1832 1115">
    <p class='ocr_par' dir='ltr' id='par_1_12' title="bbox 209 1014 1832 1115">
     <span class='ocr_line' id='line_1_15' title="bbox 209 1014 1832 1115; baseline 0.009 -15"><span class='ocrx_word' id='word_1_64' title='bbox 209 1045 295 1100; x_wconf 82' lang='grc' dir='ltr'><strong><em>ἐπὶ</em></strong></span> <span class='ocrx_word' id='word_1_65' title='bbox 342 1047 438 1115; x_wconf 87' lang='grc' dir='ltr'><strong><em>τῆς</em></strong></span> <span class='ocrx_word' id='word_1_66' title='bbox 479 1042 701 1115; x_wconf 77' lang='grc' dir='ltr'><strong><em>πρώτης</em></strong></span> <span class='ocrx_word' id='word_1_67' title='bbox 746 1065 907 1099; x_wconf 80' lang='grc' dir='ltr'><strong><em>κατα·</em></strong></span> <span class='ocrx_word' id='word_1_68' title='bbox 1020 1014 1832 1110; x_wconf 52' lang='grc' dir='ltr'><strong><em>Ἶ-</em></strong></span> 
     </span>
    </p>
   </div>
   <div class='ocr_carea' id='block_1_10' title="bbox 206 1122 1397 1205">
    <p class='ocr_par' dir='ltr' id='par_1_13' title="bbox 206 1122 1397 1205">
     <span class='ocr_line' id='line_1_16' title="bbox 206 1122 1397 1205; baseline 0.002 -18"><span class='ocrx_word' id='word_1_69' title='bbox 206 1142 428 1205; x_wconf 80' lang='grc' dir='ltr'><strong><em>γραφῆς</em></strong></span> <span class='ocrx_word' id='word_1_70' title='bbox 450 1132 552 1188; x_wconf 80' lang='grc' dir='ltr'><strong><em>δύο</em></strong></span> <span class='ocrx_word' id='word_1_71' title='bbox 574 1132 775 1204; x_wconf 79' lang='grc' dir='ltr'><strong><em>ὀρθαῖς</em></strong></span> <span class='ocrx_word' id='word_1_72' title='bbox 793 1139 908 1188; x_wconf 80' lang='grc' dir='ltr'><strong><em>ἴσαι</em></strong></span> <span class='ocrx_word' id='word_1_73' title='bbox 1339 1122 1397 1161; x_wconf 70' lang='grc' dir='ltr'><em>Λ</em></span> 
     </span>
    </p>
   </div>
   <div class='ocr_carea' id='block_1_11' title="bbox 206 1218 1918 2622">
    <p class='ocr_par' dir='ltr' id='par_1_14' title="bbox 206 1218 1908 1738">
     <span class='ocr_line' id='line_1_17' title="bbox 208 1218 1907 1293; baseline -0.001 -17"><span class='ocrx_word' id='word_1_74' title='bbox 208 1226 430 1277; x_wconf 82' lang='grc' dir='ltr'><strong><em>ἔσονται</em></strong></span> <span class='ocrx_word' id='word_1_75' title='bbox 471 1224 531 1276; x_wconf 79' lang='grc' dir='ltr'><strong><em>αἱ</em></strong></span> <span class='ocrx_word' id='word_1_76' title='bbox 562 1218 672 1277; x_wconf 82' lang='grc' dir='ltr'><strong><em>ὑπὸ</em></strong></span> <span class='ocrx_word' id='word_1_77' title='bbox 707 1226 889 1292; x_wconf 89' lang='grc' dir='ltr'><em>ΒΑΓ,</em></span> <span class='ocrx_word' id='word_1_78' title='bbox 914 1228 1080 1277; x_wconf 91' lang='grc' dir='ltr'><strong><em>ΑΕΖ</em></strong></span> <span class='ocrx_word' id='word_1_79' title='bbox 1119 1226 1342 1293; x_wconf 90' lang='grc' dir='ltr'><strong><em>γωνίαι·</em></strong></span> <span class='ocrx_word' id='word_1_80' title='bbox 1385 1218 1524 1276; x_wconf 76' lang='grc' dir='ltr'><strong><em>ὥστε</em></strong></span> <span class='ocrx_word' id='word_1_81' title='bbox 1555 1219 1907 1293; x_wconf 81' lang='grc' dir='ltr'><strong><em>παράλληλος</em></strong></span> 
     </span>
     <span class='ocr_line' id='line_1_18' title="bbox 208 1307 1906 1383; baseline -0.001 -18"><span class='ocrx_word' id='word_1_82' title='bbox 208 1314 360 1365; x_wconf 81' lang='grc' dir='ltr'><strong><em>ἔσται</em></strong></span> <span class='ocrx_word' id='word_1_83' title='bbox 406 1307 441 1381; x_wconf 82' lang='grc' dir='ltr'><em>ἡ</em></span> <span class='ocrx_word' id='word_1_84' title='bbox 482 1316 651 1365; x_wconf 91' lang='grc' dir='ltr'><strong><em>ΔΕΖ</em></strong></span> <span class='ocrx_word' id='word_1_85' title='bbox 698 1319 763 1383; x_wconf 81' lang='grc' dir='ltr'><strong><em>τῇ</em></strong></span> <span class='ocrx_word' id='word_1_86' title='bbox 807 1315 928 1366; x_wconf 94' lang='grc' dir='ltr'><strong><em>ΑΓ.</em></strong></span> <span class='ocrx_word' id='word_1_87' title='bbox 1012 1311 1105 1366; x_wconf 88' lang='grc' dir='ltr'><strong><em>καὶ</em></strong></span> <span class='ocrx_word' id='word_1_88' title='bbox 1150 1315 1363 1381; x_wconf 89' lang='grc' dir='ltr'><strong><em>γίνεται</em></strong></span> <span class='ocrx_word' id='word_1_89' title='bbox 1404 1311 1464 1365; x_wconf 84' lang='grc' dir='ltr'><strong><em>ἐν</em></strong></span> <span class='ocrx_word' id='word_1_90' title='bbox 1503 1312 1568 1382; x_wconf 81' lang='grc' dir='ltr'><strong><em>τῇ</em></strong></span> <span class='ocrx_word' id='word_1_91' title='bbox 1610 1310 1906 1383; x_wconf 79' lang='grc' dir='ltr'><strong><em>ἐπιφανείᾳ</em></strong></span> 
     </span>
     <span class='ocr_line' id='line_1_19' title="bbox 206 1395 1906 1471; baseline 0 -18"><span class='ocrx_word' id='word_1_92' title='bbox 206 1407 309 1454; x_wconf 85' lang='grc' dir='ltr'><strong><em>τοῦ</em></strong></span> <span class='ocrx_word' id='word_1_93' title='bbox 363 1397 554 1455; x_wconf 80' lang='grc' dir='ltr'><strong><em>κώνου</em></strong></span> <span class='ocrx_word' id='word_1_94' title='bbox 607 1400 747 1471; x_wconf 87' lang='grc' dir='ltr'><strong><em>τομὴ</em></strong></span> <span class='ocrx_word' id='word_1_95' title='bbox 801 1396 835 1471; x_wconf 74' lang='grc' dir='ltr'>ἡ</span> <span class='ocrx_word' id='word_1_96' title='bbox 883 1400 1199 1470; x_wconf 82' lang='grc' dir='ltr'><strong><em>καλουμένη</em></strong></span> <span class='ocrx_word' id='word_1_97' title='bbox 1254 1398 1545 1470; x_wconf 85' lang='grc' dir='ltr'><strong><em>παραβολὴ</em></strong></span> <span class='ocrx_word' id='word_1_98' title='bbox 1594 1395 1740 1454; x_wconf 78' lang='grc' dir='ltr'><strong><em>οὕτω</em></strong></span> <span class='ocrx_word' id='word_1_99' title='bbox 1779 1403 1906 1469; x_wconf 86' lang='grc' dir='ltr'><strong><em>κλη-</em></strong></span> 
     </span>
     <span class='ocr_line' id='line_1_20' title="bbox 208 1485 1908 1560; baseline 0 -18"><span class='ocrx_word' id='word_1_100' title='bbox 208 1495 375 1543; x_wconf 80' lang='grc' dir='ltr'><strong><em>θεῖσα</em></strong></span> <span class='ocrx_word' id='word_1_101' title='bbox 414 1485 522 1544; x_wconf 81' lang='grc' dir='ltr'><strong><em>ἆπὸ</em></strong></span> <span class='ocrx_word' id='word_1_102' title='bbox 562 1491 663 1544; x_wconf 84' lang='grc' dir='ltr'><strong><em>τοῦ</em></strong></span> <span class='ocrx_word' id='word_1_103' title='bbox 701 1487 1062 1560; x_wconf 77' lang='grc' dir='ltr'><strong><em>παράλληλον</em></strong></span> <span class='ocrx_word' id='word_1_104' title='bbox 1095 1485 1241 1543; x_wconf 79' lang='grc' dir='ltr'><strong><em>εἶναι</em></strong></span> <span class='ocrx_word' id='word_1_105' title='bbox 1271 1488 1373 1558; x_wconf 84' lang='grc' dir='ltr'><strong><em>τὴν</em></strong></span> <span class='ocrx_word' id='word_1_106' title='bbox 1409 1493 1596 1557; x_wconf 89' lang='grc' dir='ltr'><em>ΔΕΖ,</em></span> <span class='ocrx_word' id='word_1_107' title='bbox 1635 1485 1754 1558; x_wconf 74' lang='grc' dir='ltr'><strong><em>ἥτις</em></strong></span> <span class='ocrx_word' id='word_1_108' title='bbox 1792 1487 1908 1543; x_wconf 81' lang='grc' dir='ltr'><strong><em>ἐστὶ</em></strong></span> 
     </span>
     <span class='ocr_line' id='line_1_21' title="bbox 208 1574 1908 1648; baseline -0.001 -16"><span class='ocrx_word' id='word_1_109' title='bbox 208 1575 369 1648; x_wconf 86' lang='grc' dir='ltr'><strong><em>κοινὴ</em></strong></span> <span class='ocrx_word' id='word_1_110' title='bbox 410 1574 550 1647; x_wconf 84' lang='grc' dir='ltr'><strong><em>τομὴ</em></strong></span> <span class='ocrx_word' id='word_1_111' title='bbox 589 1580 692 1632; x_wconf 83' lang='grc' dir='ltr'><strong><em>τοῦ</em></strong></span> <span class='ocrx_word' id='word_1_112' title='bbox 731 1576 1031 1648; x_wconf 81' lang='grc' dir='ltr'><strong><em>τέμνοντος</em></strong></span> <span class='ocrx_word' id='word_1_113' title='bbox 1080 1577 1344 1632; x_wconf 83' lang='grc' dir='ltr'><strong><em>ἐπιπέδου</em></strong></span> <span class='ocrx_word' id='word_1_114' title='bbox 1388 1575 1482 1631; x_wconf 85' lang='grc' dir='ltr'><strong><em>καὶ</em></strong></span> <span class='ocrx_word' id='word_1_115' title='bbox 1519 1583 1623 1631; x_wconf 86' lang='grc' dir='ltr'><strong><em>τοῦ</em></strong></span> <span class='ocrx_word' id='word_1_116' title='bbox 1664 1574 1757 1631; x_wconf 79' lang='grc' dir='ltr'><strong><em>διὰ</em></strong></span> <span class='ocrx_word' id='word_1_117' title='bbox 1807 1578 1908 1631; x_wconf 83' lang='grc' dir='ltr'><strong><em>τοῦ</em></strong></span> 
     </span>
     <span class='ocr_line' id='line_1_22' title="bbox 208 1662 1728 1738; baseline -0.001 -17"><span class='ocrx_word' id='word_1_118' title='bbox 208 1665 409 1732; x_wconf 76' lang='grc' dir='ltr'><strong><em>ἄξονος</em></strong></span> <span class='ocrx_word' id='word_1_119' title='bbox 446 1664 752 1738; x_wconf 77' lang='grc' dir='ltr'><strong><em>τριγώνου,</em></strong></span> <span class='ocrx_word' id='word_1_120' title='bbox 792 1668 857 1737; x_wconf 80' lang='grc' dir='ltr'><strong><em>τῇ</em></strong></span> <span class='ocrx_word' id='word_1_121' title='bbox 898 1670 1014 1720; x_wconf 94' lang='grc' dir='ltr'><strong><em>ΑΓ</em></strong></span> <span class='ocrx_word' id='word_1_122' title='bbox 1044 1667 1256 1738; x_wconf 75' lang='grc' dir='ltr'><strong><em>πλευρᾷ</em></strong></span> <span class='ocrx_word' id='word_1_123' title='bbox 1295 1666 1396 1719; x_wconf 83' lang='grc' dir='ltr'><strong><em>τοῦ</em></strong></span> <span class='ocrx_word' id='word_1_124' title='bbox 1434 1662 1728 1737; x_wconf 88' lang='grc' dir='ltr'><strong><em>τριγώνου.</em></strong></span> 
     </span>
    </p>

    <p class='ocr_par' dir='ltr' id='par_1_15' title="bbox 207 1746 1918 2622">
     <span class='ocr_line' id='line_1_23' title="bbox 320 1746 1903 1826; baseline -0.001 -16"><span class='ocrx_word' id='word_1_125' title='bbox 320 1754 419 1810; x_wconf 81' lang='grc' dir='ltr'><strong><em>ἐὰν</em></strong></span> <span class='ocrx_word' id='word_1_126' title='bbox 472 1753 533 1809; x_wconf 78' lang='grc' dir='ltr'><strong><em>δὲ</em></strong></span> <span class='ocrx_word' id='word_1_127' title='bbox 579 1752 972 1826; x_wconf 77' lang='grc' dir='ltr'><strong><em>ἀμβλυγώνιος</em></strong></span> <span class='ocrx_word' id='word_1_128' title='bbox 1018 1746 1052 1826; x_wconf 78' lang='grc' dir='ltr'><em>ᾗ</em></span> <span class='ocrx_word' id='word_1_129' title='bbox 1100 1751 1129 1809; x_wconf 86' lang='grc' dir='ltr'>ὁ</span> <span class='ocrx_word' id='word_1_130' title='bbox 1171 1762 1350 1819; x_wconf 78' lang='grc' dir='ltr'><strong><em>κῶνος</em></strong></span> <span class='ocrx_word' id='word_1_131' title='bbox 1399 1750 1473 1819; x_wconf 77' lang='grc' dir='ltr'><strong><em>ὡς</em></strong></span> <span class='ocrx_word' id='word_1_132' title='bbox 1513 1751 1602 1808; x_wconf 87' lang='grc' dir='ltr'><strong><em>ε’πὶ</em></strong></span> <span class='ocrx_word' id='word_1_133' title='bbox 1640 1755 1738 1824; x_wconf 85' lang='grc' dir='ltr'><strong><em>τῆς</em></strong></span> <span class='ocrx_word' id='word_1_134' title='bbox 1778 1755 1903 1808; x_wconf 82' lang='grc' dir='ltr'><strong><em>δευ-</em></strong></span> 
     </span>
     <span class='ocr_line' id='line_1_24' title="bbox 207 1838 1907 1915; baseline -0.001 -17"><span class='ocrx_word' id='word_1_135' title='bbox 207 1843 368 1915; x_wconf 88' lang='grc' dir='ltr'><strong><em>τέρας</em></strong></span> <span class='ocrx_word' id='word_1_136' title='bbox 413 1846 773 1913; x_wconf 82' lang='grc' dir='ltr'><strong><em>καταγραφῆς</em></strong></span> <span class='ocrx_word' id='word_1_137' title='bbox 820 1842 1085 1913; x_wconf 82' lang='grc' dir='ltr'><strong><em>ἀμβλείας</em></strong></span> <span class='ocrx_word' id='word_1_138' title='bbox 1133 1841 1395 1913; x_wconf 78' lang='grc' dir='ltr'><strong><em>δηλονότι</em></strong></span> <span class='ocrx_word' id='word_1_139' title='bbox 1444 1839 1615 1912; x_wconf 78' lang='grc' dir='ltr'><strong><em>οὔσης</em></strong></span> <span class='ocrx_word' id='word_1_140' title='bbox 1662 1844 1761 1912; x_wconf 85' lang='grc' dir='ltr'><strong><em>τῆς</em></strong></span> <span class='ocrx_word' id='word_1_141' title='bbox 1798 1838 1907 1896; x_wconf 83' lang='grc' dir='ltr'><strong><em>ὑπὸ</em></strong></span> 
     </span>
     <span class='ocr_line' id='line_1_25' title="bbox 211 1928 1910 2003; baseline -0.001 -16"><span class='ocrx_word' id='word_1_142' title='bbox 211 1936 394 2001; x_wconf 85' lang='grc' dir='ltr'><em>ΒΑΓ,</em></span> <span class='ocrx_word' id='word_1_143' title='bbox 443 1929 622 2003; x_wconf 84' lang='grc' dir='ltr'><strong><em>ὀρθῆς</em></strong></span> <span class='ocrx_word' id='word_1_144' title='bbox 670 1930 732 1986; x_wconf 77' lang='grc' dir='ltr'><strong><em>δὲ</em></strong></span> <span class='ocrx_word' id='word_1_145' title='bbox 779 1934 877 2002; x_wconf 84' lang='grc' dir='ltr'><strong><em>τῆς</em></strong></span> <span class='ocrx_word' id='word_1_146' title='bbox 919 1928 1029 1986; x_wconf 82' lang='grc' dir='ltr'><strong><em>ὑπὸ</em></strong></span> <span class='ocrx_word' id='word_1_147' title='bbox 1070 1937 1261 2001; x_wconf 90' lang='grc' dir='ltr'><em>ΑΕΖ,</em></span> <span class='ocrx_word' id='word_1_148' title='bbox 1311 1929 1415 1986; x_wconf 76' lang='grc' dir='ltr'><strong><em>δύο</em></strong></span> <span class='ocrx_word' id='word_1_149' title='bbox 1457 1929 1654 2002; x_wconf 79' lang='grc' dir='ltr'><strong><em>ὀρθῶν</em></strong></span> <span class='ocrx_word' id='word_1_150' title='bbox 1693 1934 1910 2001; x_wconf 80' lang='grc' dir='ltr'><strong><em>μείζους</em></strong></span> 
     </span>
     <span class='ocr_line' id='line_1_26' title="bbox 211 2016 1908 2090; baseline -0.002 -14"><span class='ocrx_word' id='word_1_151' title='bbox 211 2025 435 2076; x_wconf 86' lang='grc' dir='ltr'><strong><em>ἔσονται</em></strong></span> <span class='ocrx_word' id='word_1_152' title='bbox 482 2022 545 2074; x_wconf 77' lang='grc' dir='ltr'><strong><em>αἱ</em></strong></span> <span class='ocrx_word' id='word_1_153' title='bbox 585 2017 695 2075; x_wconf 82' lang='grc' dir='ltr'><strong><em>ὑπὸ</em></strong></span> <span class='ocrx_word' id='word_1_154' title='bbox 745 2024 928 2090; x_wconf 88' lang='grc' dir='ltr'><em>ΒΑΓ,</em></span> <span class='ocrx_word' id='word_1_155' title='bbox 970 2026 1135 2075; x_wconf 91' lang='grc' dir='ltr'><strong><em>ΑΕΖ</em></strong></span> <span class='ocrx_word' id='word_1_156' title='bbox 1183 2024 1405 2090; x_wconf 91' lang='grc' dir='ltr'><strong><em>γωνίαι·</em></strong></span> <span class='ocrx_word' id='word_1_157' title='bbox 1470 2018 1608 2074; x_wconf 76' lang='grc' dir='ltr'><strong><em>ὥστε</em></strong></span> <span class='ocrx_word' id='word_1_158' title='bbox 1657 2016 1725 2074; x_wconf 82' lang='grc' dir='ltr'><strong><em>οὐ</em></strong></span> <span class='ocrx_word' id='word_1_159' title='bbox 1772 2033 1908 2089; x_wconf 90' lang='grc' dir='ltr'><strong><em>συμ-</em></strong></span> 
     </span>
     <span class='ocr_line' id='line_1_27' title="bbox 210 2106 1918 2183; baseline -0.002 -18"><span class='ocrx_word' id='word_1_160' title='bbox 210 2120 456 2165; x_wconf 81' lang='grc' dir='ltr'><strong><em>πεσεῖται</em></strong></span> <span class='ocrx_word' id='word_1_161' title='bbox 488 2106 523 2180; x_wconf 80' lang='grc' dir='ltr'>ἡ</span> <span class='ocrx_word' id='word_1_162' title='bbox 552 2115 606 2164; x_wconf 89' lang='grc' dir='ltr'><em>Δ</em></span> <span class='ocrx_word' id='word_1_163' title='bbox 617 2114 720 2163; x_wconf 93' lang='grc' dir='ltr'><strong><em>ΕΖ</em></strong></span> <span class='ocrx_word' id='word_1_164' title='bbox 750 2111 816 2181; x_wconf 83' lang='grc' dir='ltr'><strong><em>τῇ</em></strong></span> <span class='ocrx_word' id='word_1_165' title='bbox 843 2114 957 2164; x_wconf 96' lang='grc' dir='ltr'><strong><em>ΑΓ</em></strong></span> <span class='ocrx_word' id='word_1_166' title='bbox 988 2115 1200 2183; x_wconf 79' lang='grc' dir='ltr'><strong><em>πλευρᾷ</em></strong></span> <span class='ocrx_word' id='word_1_167' title='bbox 1242 2108 1329 2164; x_wconf 84' lang='grc' dir='ltr'><strong><em>ἐπὶ</em></strong></span> <span class='ocrx_word' id='word_1_168' title='bbox 1359 2106 1424 2163; x_wconf 81' lang='grc' dir='ltr'><strong><em>τὰ</em></strong></span> <span class='ocrx_word' id='word_1_169' title='bbox 1456 2106 1595 2181; x_wconf 90' lang='grc' dir='ltr'><strong><em>πρὸς</em></strong></span> <span class='ocrx_word' id='word_1_170' title='bbox 1624 2117 1741 2172; x_wconf 88' lang='grc' dir='ltr'><strong><em>τοῖς</em></strong></span> <span class='ocrx_word' id='word_1_171' title='bbox 1775 2112 1837 2177; x_wconf 91' lang='grc' dir='ltr'><em>Ζ,</em></span> <span class='ocrx_word' id='word_1_172' title='bbox 1864 2110 1918 2161; x_wconf 94' lang='grc' dir='ltr'><em>Γ</em></span> 
     </span>
     <span class='ocr_line' id='line_1_28' title="bbox 212 2195 1909 2270; baseline -0.004 -15"><span class='ocrx_word' id='word_1_173' title='bbox 212 2200 370 2270; x_wconf 88' lang='grc' dir='ltr'><strong><em>μέρη,</em></strong></span> <span class='ocrx_word' id='word_1_174' title='bbox 411 2195 553 2253; x_wconf 79' lang='grc' dir='ltr'><strong><em>ἀλλὰ</em></strong></span> <span class='ocrx_word' id='word_1_175' title='bbox 594 2198 680 2252; x_wconf 82' lang='grc' dir='ltr'><strong><em>ἐπὶ</em></strong></span> <span class='ocrx_word' id='word_1_176' title='bbox 720 2195 788 2252; x_wconf 82' lang='grc' dir='ltr'><strong><em>τὰ</em></strong></span> <span class='ocrx_word' id='word_1_177' title='bbox 826 2196 967 2268; x_wconf 93' lang='grc' dir='ltr'><strong><em>πρὸς</em></strong></span> <span class='ocrx_word' id='word_1_178' title='bbox 1004 2200 1129 2262; x_wconf 86' lang='grc' dir='ltr'><strong><em>τοῖς</em></strong></span> <span class='ocrx_word' id='word_1_179' title='bbox 1159 2204 1229 2267; x_wconf 90' lang='grc' dir='ltr'><em>Α,</em></span> <span class='ocrx_word' id='word_1_180' title='bbox 1263 2203 1315 2251; x_wconf 92' lang='grc' dir='ltr'><em>Ε</em></span> <span class='ocrx_word' id='word_1_181' title='bbox 1357 2195 1909 2269; x_wconf 86' lang='grc' dir='ltr'><strong><em>προσεκβαλλομένης</em></strong></span> 
     </span>
     <span class='ocr_line' id='line_1_29' title="bbox 213 2278 1909 2358; baseline -0.003 -16"><span class='ocrx_word' id='word_1_182' title='bbox 213 2285 480 2358; x_wconf 77' lang='grc' dir='ltr'><strong><em>δηλονότι</em></strong></span> <span class='ocrx_word' id='word_1_183' title='bbox 518 2287 616 2356; x_wconf 85' lang='grc' dir='ltr'><strong><em>τῆς</em></strong></span> <span class='ocrx_word' id='word_1_184' title='bbox 656 2289 757 2340; x_wconf 91' lang='grc' dir='ltr'><strong><em>ΓΑ</em></strong></span> <span class='ocrx_word' id='word_1_185' title='bbox 804 2285 891 2340; x_wconf 82' lang='grc' dir='ltr'><strong><em>ἐπὶ</em></strong></span> <span class='ocrx_word' id='word_1_186' title='bbox 929 2284 992 2341; x_wconf 91' lang='grc' dir='ltr'><strong><em>τὸ</em></strong></span> <span class='ocrx_word' id='word_1_187' title='bbox 1035 2292 1105 2341; x_wconf 89' lang='grc' dir='ltr'><strong><em>Λ.</em></strong></span> <span class='ocrx_word' id='word_1_188' title='bbox 1181 2285 1401 2356; x_wconf 86' lang='grc' dir='ltr'><strong><em>ποιήσει</em></strong></span> <span class='ocrx_word' id='word_1_189' title='bbox 1449 2278 1555 2340; x_wconf 76' lang='grc' dir='ltr'><strong><em>οὖν</em></strong></span> <span class='ocrx_word' id='word_1_190' title='bbox 1601 2282 1663 2338; x_wconf 88' lang='grc' dir='ltr'><strong><em>τὸ</em></strong></span> <span class='ocrx_word' id='word_1_191' title='bbox 1702 2283 1909 2353; x_wconf 90' lang='grc' dir='ltr'><strong><em>τέμνον</em></strong></span> 
     </span>
     <span class='ocr_line' id='line_1_30' title="bbox 216 2370 1908 2449; baseline -0.003 -18"><span class='ocrx_word' id='word_1_192' title='bbox 216 2377 478 2431; x_wconf 82' lang='grc' dir='ltr'><strong><em>ἐπίπεδον</em></strong></span> <span class='ocrx_word' id='word_1_193' title='bbox 513 2374 573 2428; x_wconf 82' lang='grc' dir='ltr'><strong><em>ἐν</em></strong></span> <span class='ocrx_word' id='word_1_194' title='bbox 604 2377 670 2446; x_wconf 80' lang='grc' dir='ltr'><strong><em>τῇ</em></strong></span> <span class='ocrx_word' id='word_1_195' title='bbox 706 2374 1004 2449; x_wconf 74' lang='grc' dir='ltr'><strong><em>ἐπιφανείᾳ</em></strong></span> <span class='ocrx_word' id='word_1_196' title='bbox 1036 2377 1137 2430; x_wconf 82' lang='grc' dir='ltr'><strong><em>τοῦ</em></strong></span> <span class='ocrx_word' id='word_1_197' title='bbox 1169 2373 1358 2429; x_wconf 85' lang='grc' dir='ltr'><strong><em>κώνου</em></strong></span> <span class='ocrx_word' id='word_1_198' title='bbox 1382 2371 1558 2444; x_wconf 82' lang='grc' dir='ltr'><strong><em>τομὴν</em></strong></span> <span class='ocrx_word' id='word_1_199' title='bbox 1582 2370 1686 2442; x_wconf 79' lang='grc' dir='ltr'><strong><em>τὴν</em></strong></span> <span class='ocrx_word' id='word_1_200' title='bbox 1709 2376 1908 2426; x_wconf 84' lang='grc' dir='ltr'><strong><em>καλου-</em></strong></span> 
     </span>
     <span class='ocr_line' id='line_1_31' title="bbox 212 2456 1907 2534; baseline -0.002 -17"><span class='ocrx_word' id='word_1_201' title='bbox 212 2463 390 2534; x_wconf 88' lang='grc' dir='ltr'><strong><em>μένην</em></strong></span> <span class='ocrx_word' id='word_1_202' title='bbox 429 2459 750 2533; x_wconf 76' lang='grc' dir='ltr'><strong><em>ὑπερβολήν</em></strong></span> <span class='ocrx_word' id='word_1_203' title='bbox 799 2460 945 2517; x_wconf 77' lang='grc' dir='ltr'><strong><em>οὕτω</em></strong></span> <span class='ocrx_word' id='word_1_204' title='bbox 985 2468 1294 2533; x_wconf 82' lang='grc' dir='ltr'><strong><em>κληθεῖσαν</em></strong></span> <span class='ocrx_word' id='word_1_205' title='bbox 1343 2459 1452 2518; x_wconf 78' lang='grc' dir='ltr'><strong><em>ἀπὸ</em></strong></span> <span class='ocrx_word' id='word_1_206' title='bbox 1497 2462 1600 2516; x_wconf 83' lang='grc' dir='ltr'><strong><em>τοῦ</em></strong></span> <span class='ocrx_word' id='word_1_207' title='bbox 1639 2456 1907 2531; x_wconf 78' lang='grc' dir='ltr'><strong><em>ὑπερβάλ-</em></strong></span> 
     </span>
     <span class='ocr_line' id='line_1_32' title="bbox 213 2545 1907 2622; baseline -0.003 -15"><span class='ocrx_word' id='word_1_208' title='bbox 213 2558 332 2607; x_wconf 90' lang='grc' dir='ltr'><strong><em>λειν</em></strong></span> <span class='ocrx_word' id='word_1_209' title='bbox 378 2549 473 2616; x_wconf 79' lang='grc' dir='ltr'><strong><em>τὰς</em></strong></span> <span class='ocrx_word' id='word_1_210' title='bbox 521 2550 813 2622; x_wconf 85' lang='grc' dir='ltr'><strong><em>εἰρημένας</em></strong></span> <span class='ocrx_word' id='word_1_211' title='bbox 867 2555 1099 2621; x_wconf 90' lang='grc' dir='ltr'><strong><em>γωνίας,</em></strong></span> <span class='ocrx_word' id='word_1_212' title='bbox 1149 2550 1400 2606; x_wconf 87' lang='grc' dir='ltr'><strong><em>τουτέστι</em></strong></span> <span class='ocrx_word' id='word_1_213' title='bbox 1438 2547 1537 2614; x_wconf 78' lang='grc' dir='ltr'><strong><em>τὰς</em></strong></span> <span class='ocrx_word' id='word_1_214' title='bbox 1574 2545 1684 2604; x_wconf 85' lang='grc' dir='ltr'><strong><em>ὑπὸ</em></strong></span> <span class='ocrx_word' id='word_1_215' title='bbox 1724 2553 1907 2617; x_wconf 89' lang='grc' dir='ltr'><em>ΑΕΖ,</em></span> 
     </span>
    </p>
   </div>
   <div class='ocr_carea' id='block_1_12' title="bbox 214 2673 569 2679">
    <p class='ocr_par' dir='ltr' id='par_1_16' title="bbox 214 2673 569 2679">
     <span class='ocr_line' id='line_1_33' title="bbox 214 2673 569 2679; baseline 0 0"><span class='ocrx_word' id='word_1_216' title='bbox 214 2673 569 2679; x_wconf 95' lang='lat' dir='ltr'><strong><em> </em></strong></span> 
     </span>
    </p>
   </div>
   <div class='ocr_carea' id='block_1_13' title="bbox 213 2736 1907 2919">
    <p class='ocr_par' dir='ltr' id='par_1_17' title="bbox 213 2736 1907 2919">
     <span class='ocr_line' id='line_1_34' title="bbox 335 2736 1907 2799; baseline -0.003 -13"><span class='ocrx_word' id='word_1_217' title='bbox 335 2748 376 2786; x_wconf 83' lang='grc'><strong><em>2.</em></strong></span> <span class='ocrx_word' id='word_1_218' title='bbox 410 2736 648 2799; x_wconf 76' lang='grc' dir='ltr'><strong><em>ἐμβληθέν</em></strong></span> <span class='ocrx_word' id='word_1_219' title='bbox 680 2742 755 2787; x_wconf 92' lang='lat' dir='ltr'><strong><em>W.</em></strong></span> <span class='ocrx_word' id='word_1_220' title='bbox 889 2748 928 2787; x_wconf 87' lang='grc'><strong><em>6.</em></strong></span> <span class='ocrx_word' id='word_1_221' title='bbox 964 2738 1273 2799; x_wconf 80' lang='grc' dir='ltr'><strong><em>ὁρθωγωνίου</em></strong></span> <span class='ocrx_word' id='word_1_222' title='bbox 1310 2741 1381 2797; x_wconf 89' lang='lat' dir='ltr'><strong><em>W,</em></strong></span> <span class='ocrx_word' id='word_1_223' title='bbox 1415 2755 1530 2786; x_wconf 85' lang='lat' dir='ltr'><strong>corr.</strong></span> <span class='ocrx_word' id='word_1_224' title='bbox 1563 2755 1623 2783; x_wconf 91' lang='lat' dir='ltr'><strong><em>m.</em></strong></span> <span class='ocrx_word' id='word_1_225' title='bbox 1660 2745 1698 2785; x_wconf 92' lang='lat'><strong><em>1.</em></strong></span> <span class='ocrx_word' id='word_1_226' title='bbox 1821 2736 1907 2796; x_wconf 78' lang='grc' dir='ltr'><strong><em>μὲν</em></strong></span> 
     </span>
     <span class='ocr_line' id='line_1_35' title="bbox 216 2798 1906 2858; baseline -0.002 -12"><span class='ocrx_word' id='word_1_227' title='bbox 216 2818 353 2852; x_wconf 84' lang='grc' dir='ltr'><strong><em>οντος</em></strong></span> <span class='ocrx_word' id='word_1_228' title='bbox 408 2802 595 2858; x_wconf 83' lang='lat' dir='ltr'>scripsi,</span> <span class='ocrx_word' id='word_1_229' title='bbox 639 2800 863 2858; x_wconf 83' lang='grc' dir='ltr'><strong><em>μένοντος</em></strong></span> <span class='ocrx_word' id='word_1_230' title='bbox 894 2801 1006 2857; x_wconf 79' lang='lat' dir='ltr'><strong><em>Wp,</em></strong></span> <span class='ocrx_word' id='word_1_231' title='bbox 1159 2805 1229 2847; x_wconf 82' lang='lat'><strong><em>12.</em></strong></span> <span class='ocrx_word' id='word_1_232' title='bbox 1269 2800 1428 2858; x_wconf 87' lang='grc' dir='ltr'><strong><em>ΒΑΓ]</em></strong></span> <span class='ocrx_word' id='word_1_233' title='bbox 1463 2803 1601 2844; x_wconf 89' lang='grc' dir='ltr'><strong><em>ΑΒΓ</em></strong></span> <span class='ocrx_word' id='word_1_234' title='bbox 1626 2798 1748 2855; x_wconf 90' lang='lat' dir='ltr'><strong><em>Wp,</em></strong></span> <span class='ocrx_word' id='word_1_235' title='bbox 1792 2811 1906 2842; x_wconf 82' lang='lat' dir='ltr'><strong>corr.</strong></span> 
     </span>
     <span class='ocr_line' id='line_1_36' title="bbox 213 2854 1907 2919; baseline -0.004 -14"><span class='ocrx_word' id='word_1_236' title='bbox 213 2876 307 2918; x_wconf 88' lang='lat' dir='ltr'><strong><em>mg.</em></strong></span> <span class='ocrx_word' id='word_1_237' title='bbox 384 2896 393 2905; x_wconf 92' lang='lat'><strong>.</strong></span> <span class='ocrx_word' id='word_1_238' title='bbox 546 2861 701 2919; x_wconf 88' lang='lat' dir='ltr'><em>AEZ]</em></span> <span class='ocrx_word' id='word_1_239' title='bbox 749 2862 883 2904; x_wconf 83' lang='lat' dir='ltr'><strong><em>AEZ</em></strong></span> <span class='ocrx_word' id='word_1_240' title='bbox 915 2859 1039 2917; x_wconf 84' lang='lat' dir='ltr'><strong><em>Wp,</em></strong></span> <span class='ocrx_word' id='word_1_241' title='bbox 1079 2874 1196 2906; x_wconf 85' lang='lat' dir='ltr'><strong>corr.</strong></span> <span class='ocrx_word' id='word_1_242' title='bbox 1227 2875 1320 2917; x_wconf 88' lang='lat' dir='ltr'><strong><em>mg.</em></strong></span> <span class='ocrx_word' id='word_1_243' title='bbox 1354 2860 1409 2904; x_wconf 90' lang='lat' dir='ltr'><strong><em>U.</em></strong></span> <span class='ocrx_word' id='word_1_244' title='bbox 1564 2863 1631 2902; x_wconf 87' lang='lat'><strong><em>15.</em></strong></span> <span class='ocrx_word' id='word_1_245' title='bbox 1675 2854 1801 2901; x_wconf 81' lang='grc' dir='ltr'><strong><em>ἐστίν</em></strong></span> <span class='ocrx_word' id='word_1_246' title='bbox 1831 2855 1907 2900; x_wconf 88' lang='lat' dir='ltr'><strong><em>W.</em></strong></span> 
     </span>
    </p>
   </div>
   <div class='ocr_carea' id='block_1_14' title="bbox 278 2914 1907 2978">
    <p class='ocr_par' dir='ltr' id='par_1_18' title="bbox 278 2914 1907 2978">
     <span class='ocr_line' id='line_1_37' title="bbox 278 2914 1907 2978; baseline -0.003 -14"><span class='ocrx_word' id='word_1_247' title='bbox 278 2925 346 2968; x_wconf 87' lang='lat'><strong><em>17.</em></strong></span> <span class='ocrx_word' id='word_1_248' title='bbox 380 2915 560 2974; x_wconf 76' lang='grc' dir='ltr'><strong><em>ἄξωνος</em></strong></span> <span class='ocrx_word' id='word_1_249' title='bbox 591 2920 666 2976; x_wconf 88' lang='lat' dir='ltr'><strong><em>W,</em></strong></span> <span class='ocrx_word' id='word_1_250' title='bbox 700 2933 814 2966; x_wconf 88' lang='lat' dir='ltr'><strong>corr.</strong></span> <span class='ocrx_word' id='word_1_251' title='bbox 848 2935 908 2965; x_wconf 88' lang='lat' dir='ltr'><strong><em>m.</em></strong></span> <span class='ocrx_word' id='word_1_252' title='bbox 945 2925 983 2964; x_wconf 90' lang='lat'><strong><em>1.</em></strong></span> <span class='ocrx_word' id='word_1_253' title='bbox 1110 2925 1178 2964; x_wconf 89' lang='grc'><strong><em>18.</em></strong></span> <span class='ocrx_word' id='word_1_254' title='bbox 1213 2915 1293 2978; x_wconf 78' lang='grc' dir='ltr'><strong><em>ὡς]</em></strong></span> <span class='ocrx_word' id='word_1_255' title='bbox 1327 2934 1373 2976; x_wconf 89' lang='lat' dir='ltr'><strong><em>p,</em></strong></span> <span class='ocrx_word' id='word_1_256' title='bbox 1405 2919 1453 2962; x_wconf 89' lang='lat' dir='ltr'><strong><em>in</em></strong></span> <span class='ocrx_word' id='word_1_257' title='bbox 1487 2917 1639 2975; x_wconf 83' lang='lat' dir='ltr'>spatio</span> <span class='ocrx_word' id='word_1_258' title='bbox 1668 2920 1692 2959; x_wconf 83' lang='lat'>7</span> <span class='ocrx_word' id='word_1_259' title='bbox 1725 2914 1819 2960; x_wconf 76' lang='lat' dir='ltr'><strong>litt.</strong></span> <span class='ocrx_word' id='word_1_260' title='bbox 1845 2930 1907 2959; x_wconf 91' lang='lat' dir='ltr'><strong><em>m.</em></strong></span> 
     </span>
    </p>
   </div>
  </div>
 </body>
</html>
