2046 3256
414 161 586 202 PAPPI
615 159 908 203 LEMMATA
939 164 1004 206 IN
1036 164 1232 207 comcs
1262 165 1375 207 ΜΒ.
1407 166 1566 208 1-1v,
1725 162 1829 215 157

263 275 378 331 ἐπεὶ
432 275 537 347 γὰρ
596 275 688 331 διὰ
743 276 846 347 τὴν
895 275 1194 349 ὁμοιότητα
1242 286 1333 350 ἴση
1382 280 1533 335 ἐστὶν
1580 279 1680 351 ὅλη
1729 280 1830 352 μὲν

149 361 184 434 ἡ
218 370 270 419 Α
309 362 410 437 ὅλῃ
450 367 514 436 τῇ
547 371 620 434 Δ,
659 362 691 436 ἡ
735 365 796 420 δὲ
834 363 943 421 ὑπὸ
979 373 1156 422 ΒΑΗ
1191 371 1256 440 τῇ
1296 365 1404 424 ὑπὸ
1436 375 1622 438 ΕΛΘ,
1663 368 1827 439 λοιπὴ

714 452 822 527 ἄρα
846 453 879 525 ἡ
907 453 1014 511 ὑπὸ
1040 461 1218 510 ΗΑΓ
1243 460 1406 527 λοιπῆ
1435 460 1500 526 τῆ
1527 454 1636 512 ὑπὸ
1663 463 1830 511 ΘΔΖ

503 463 551 502 Α

714 543 862 598 ἐστιν
895 550 1002 615 ἴση.
1052 541 1192 598 ἀλλὰ
1226 546 1317 599 καὶ
1342 515 1447 615 ἡΤ
1478 547 1542 616 τῇ
1571 552 1636 599 Ζ·
1677 549 1828 600 ἔστιν
1976 541 1980 545 ’

303 642 353 758 ί
490 626 501 707 j
568 633 585 758 ἓ
712 629 838 701 ἄρα,
876 629 949 696 ὡς
979 629 1012 702 ἡ
1039 637 1159 686 ΗΓ
1190 637 1326 705 πρὸς
1363 633 1463 704 τὴν
1491 638 1608 704 ΓΑ,
1652 631 1828 699 οὕτως
1890 646 1916 686 5

151 729 206 771 ,Β
605 731 662 771 1⁷
712 717 745 788 ἡ
786 725 887 773 ΘΖ
933 724 1070 791 πρὸς
1116 727 1241 775 ΖΛ.
1325 719 1466 776 ἀλλὰ
1511 724 1628 790 καί,
1681 718 1754 785 ὡς
1793 718 1826 792 ἡ

440 763 530 875 EA
713 813 822 862 ΒΓ
853 811 989 879 πρὸς
1026 807 1127 878 τὴν
1159 813 1277 877 ΓΑ,
1320 808 1496 873 οὕτως
1534 801 1606 878 ἦν
1647 804 1679 878 ἡ
1723 814 1827 863 ΕΖ
1887 835 1890 837 ·

407 910 456 1051 Ξ
485 903 527 971 (x
713 900 850 968 πρὸς
875 903 998 950 ΖΔ·
1038 896 1128 951 καὶ
1164 893 1192 950 ὁ
1228 897 1580 967 συνημμένος
1612 897 1720 967 ἄρα
1750 900 1826 972 τῷ

214 1030 274 1070 E
570 1030 611 1066 Z
713 986 1046 1058 συνημμένῳ
1075 984 1225 1039 ἐστὶν
1250 981 1279 1039 ὁ
1304 982 1485 1049 αὐτός.
1525 988 1676 1040 ἔστιν
1699 985 1826 1056 ἄρα,

440 1058 476 1098 Θ
712 1070 786 1137 ὡς
823 1077 884 1128 τὸ
924 1071 1034 1128 ὑπὸ
1074 1077 1248 1126 ΒΓΗ
1284 1076 1420 1144 πρὸς
1458 1076 1520 1128 τὸ
1563 1071 1668 1128 ἀπὸ
1708 1077 1827 1142 ΓΑ,
1862 1086 1916 1126 10

148 1159 324 1225 οὕτως
361 1163 423 1215 τὸ
463 1157 570 1216 ὐπὸ
610 1166 769 1214 ΕΖΘ
807 1164 944 1232 πρὸς
981 1165 1042 1216 τὸ
1083 1158 1190 1216 ἀπὸ
1232 1165 1355 1216 ΖΔ.

258 1261 316 1317 ι’.
364 1259 574 1327 ’Ἄλλως
619 1265 691 1334 μὴ
744 1264 836 1318 διὰ
886 1267 988 1318 τοῦ
1036 1265 1408 1334 συνημμένου.
1491 1266 1697 1318 κείσθω
1751 1265 1825 1337 τῷ

147 1348 248 1419 μὲν
289 1347 397 1405 ὑπὸ
438 1355 612 1405 ΒΓΗ
646 1357 772 1406 ἰσον
810 1356 871 1407 τὸ
911 1349 1021 1407 ὑπὸ
1061 1356 1257 1418 ΑΓΚ,
1303 1354 1378 1426 τῷ
1421 1350 1482 1406 δε
1520 1353 1627 1406 ὑπὸ
1667 1356 1827 1405 ΕΖΘ

148 1444 273 1492 ἴσον
313 1441 374 1493 τὸ
414 1436 522 1494 ὑπὸ
562 1444 751 1493 ΛΖΛ·
801 1444 951 1495 ἔσται
990 1439 1176 1510 πάλιν,
1217 1462 1291 1504 ως
1329 1461 1431 1510 μεν
1469 1437 1502 1508 ἡ
1544 1443 1654 1493 ΒΓ
1690 1443 1827 1509 πρὸς

674 1533 804 1599 ΓΚ,
851 1527 1027 1592 οὕτως
1064 1526 1098 1597 ἡ
1139 1532 1252 1582 ΑΓ
1291 1531 1428 1598 πρὸς
1466 1531 1603 1596 ΓΗ,
1651 1525 1725 1592 ὡς
1765 1526 1826 1582 δὲ
1862 1540 1914 1580 15

673 1615 705 1687 ἡ
749 1623 854 1671 ΕΖ
893 1621 1028 1687 πρὸς
1068 1621 1198 1685 ΖΛ,
1252 1617 1428 1679 οὕτως
1467 1613 1501 1686 ἡ
1542 1621 1653 1669 ΔΖ
1691 1619 1827 1687 πρὸς

674 1710 787 1761 ΖΘ.
863 1704 954 1759 καὶ
1008 1702 1144 1759 κατὰ
1198 1702 1264 1758 τὰ
1319 1701 1459 1758 αὐτὰ
1511 1712 1587 1778 τῷ
1638 1703 1822 1759 ἐπάνω

674 1794 950 1863 δείξομεν,
1000 1791 1082 1847 ὅτι
1126 1793 1301 1861 ἐστίν,
1351 1789 1424 1856 ὡς
1462 1788 1495 1861 ἡ
1538 1795 1652 1845 ΑΓ
1689 1795 1827 1862 πρὸς

671 1886 807 1952 ΓΗ,
849 1879 1025 1944 οὕτως
1063 1878 1097 1951 ἡ
1142 1886 1249 1934 ΔΖ
1289 1878 1428 1950 πρὸς
1461 1885 1584 1934 ΖΘ·
1626 1879 1719 1934 καὶ
1752 1877 1825 1943 ὡς

671 1967 780 2042 ἄρα
825 1966 859 2040 ἡ
907 1974 1015 2024 ΒΓ
1054 1967 1192 2040 πρὸς
1237 1972 1370 2038 ΓΚ,
1420 1964 1596 2033 οὕτως
1639 1965 1674 2038 ἡ
1722 1973 1826 2021 ΕΖ
1858 1981 1914 2021 20

143 2078 201 2119 E
671 2062 808 2127 πρὸς
826 2064 942 2113 ΖΔ.
981 2054 1118 2111 ἀλλὰ
1142 2061 1252 2125 καί,
1280 2053 1353 2120 ὡς
1376 2053 1409 2126 ἡ
1430 2060 1540 2110 ΒΓ
1556 2059 1691 2127 πρὸς
1708 2060 1826 2125 ΓΑ,

673 2144 850 2209 οὕτως
888 2142 922 2215 ἡ
963 2150 1066 2198 ΕΖ
1105 2147 1241 2213 πρὸς
1282 2149 1390 2196 ΖΔ
1431 2144 1603 2210 [Eucl.
1636 2144 1729 2213 VI,
1768 2146 1824 2209 4]
1932 2159 1934 2161 ·

149 2232 240 2287 διὰ
294 2234 398 2304 τὴν
455 2232 775 2305 ὁμοιότητα·
831 2230 902 2286 δι’
956 2238 1083 2286 ἴσου
1132 2230 1238 2300 ἄρα
1288 2232 1461 2300 ἐστίν,
1518 2227 1590 2294 ὡς
1635 2227 1669 2299 ἡ
1718 2234 1834 2284 ΚΓ

146 2324 283 2392 πρὸς
313 2326 431 2391 ΓΑ,
471 2323 755 2379 τουτέστιν
795 2318 869 2385 ὡς
906 2323 967 2374 τὸ
1006 2321 1112 2374 ὑπὸ
1148 2323 1325 2389 ΚΓΑ,
1367 2316 1398 2373 ὅ
1439 2319 1586 2373 ἐστιν
1624 2321 1686 2373 τὸ
1718 2315 1824 2373 ὑπὸ

146 2411 333 2476 ΒΓΗ,
371 2412 508 2479 πρὸς
538 2412 599 2464 τὸ
632 2406 738 2464 ἀπὸ
771 2411 895 2476 ΑΓ,
929 2403 1102 2470 οὕτως
1133 2401 1166 2474 ἡ
1198 2409 1305 2458 ΛΖ
1336 2408 1472 2476 πρὸς
1504 2411 1630 2474 ΖΔ,
1669 2428 1824 2461 τουτ-
1857 2420 1912 2458 25

148 2495 299 2550 ἐστιν
338 2499 399 2550 τὸ
437 2493 547 2550 ὑπὸ
588 2501 782 2564 ΛΖΛ,
839 2491 869 2549 ὅ
911 2494 1059 2547 ἐστιν
1106 2495 1167 2546 τὸ
1207 2489 1314 2547 ὑπὸ
1355 2498 1543 2562 ΕΖΘ,
1589 2497 1726 2564 πρὸς
1763 2498 1823 2548 τὸ

147 2578 254 2637 ἀπὸ
296 2589 426 2637 ΖΔ·
468 2581 601 2655 ὅπερ
642 2586 754 2637 ἔδει
794 2582 979 2647 δεῖξαι.

258 2667 463 2739 ὁμοίως
503 2671 572 2740 δὴ
614 2672 890 2739 δείξομεν,
928 2667 1019 2721 καὶ
1059 2667 1158 2722 ἐὰν
1198 2659 1258 2737 ᾗ,
1299 2664 1372 2731 ὡς
1409 2671 1470 2721 τὸ
1509 2666 1617 2723 ὑπὸ
1658 2673 1833 2722 ΒΓΗ

148 2759 282 2827 πρὸς
311 2760 372 2812 τὸ
406 2755 513 2812 ἀπὸ
538 2763 662 2827 ΑΓ,
703 2756 878 2821 οὕτως
901 2760 962 2811 τὸ
988 2753 1094 2810 ὑπὸ
1120 2760 1281 2809 Ele«)
1311 2758 1447 2825 πρὸς
1477 2759 1537 2810 τὸ
1563 2754 1669 2811 ἀπὸ
1696 2762 1821 2825 ΖΛ,

269 2935 335 2975 17.
369 2935 465 2982 τοῖς
499 2929 657 2976 ἐπάνω
692 2932 809 2978 coni.
834 2932 1048 2978 Hultsch.
1141 2934 1211 2974 27.
1246 2927 1343 2973 ἔδει
1369 2930 1541 2987 δεῖξαι]
1578 2945 1656 2973 ιω
1688 2930 1820 2977 codd.
