2034 3216
222 121 293 174 32
888 122 1167 168 ΚΩΝῙΚΩΝ
1199 118 1263 168 δ’.

1038 277 1072 310 κ
1098 301 1108 310 .

328 342 459 399 Ἐὰν
500 343 562 400 ὁὲ
600 342 662 400 τὸ
701 343 925 416 ληφθὲν
966 356 1199 417 σημεῖον
1232 346 1330 400 ἐπί
1355 366 1510 411 τινος
1540 338 1574 419 ᾖ
1607 348 1721 402 τῶν
1753 342 1926 418 ἀσυμ-

221 432 477 504 πτώτων,
526 434 620 488 καὶ
659 431 725 488 τὰ
772 434 940 489 λοιπὰ
987 435 1215 505 γένηται
1261 432 1327 490 τὰ
1377 432 1539 508 αὐτά,
1585 432 1620 506 ἡ
1673 435 1766 491 διὰ
1813 438 1926 492 τῶν

222 522 477 594 περάτων
533 525 645 578 τῶν
691 520 986 595 ὑπεροχῶν
1034 521 1280 595 ἀγομένη
1330 522 1526 579 εὐθεῖα
1577 522 1930 596 παράλληλος

165 623 191 663 5
225 614 379 665 ε”σται
424 614 490 684 τῇ
537 609 908 687 άσυμπτοότω,
958 609 1046 683 ἐφ’
1085 604 1149 683 ἧς
1197 613 1312 668 ἐστι
1351 613 1413 668 τὸ
1457 623 1715 685 σημεῖον,
1761 613 1854 669 καὶ
1892 609 1928 684 ἡ

223 695 332 756 ἀπὸ
386 702 488 756 τοῦ
545 704 779 772 σημείου
826 701 913 756 ἐπὶ
959 701 1061 773 τὴν
1111 700 1434 773 σύμπτωσιν
1480 704 1578 773 τῆς
1622 704 1794 774 τομῆς
1837 701 1932 758 καὶ

223 791 321 859 τῆς
367 788 462 845 διὰ
507 791 620 845 τῶν
670 789 926 862 περάτων
971 787 1215 861 ἠγμένης
1262 788 1487 856 εὐθείας
1525 789 1796 862 ἐφάψεται
1834 793 1932 862 τῆς

223 899 412 950 τομης.

340 971 590 1023 ἔστωσαν
639 967 1014 1039 ἀντικείμεναι
1062 969 1123 1022 αἶ
1160 973 1232 1038 Α,
1259 973 1331 1038 Β,
1371 967 1464 1023 καὶ
1503 966 1566 1024 τὸ
1608 975 1663 1023 A
1701 979 1933 1040 σημεῖον

143 1070 198 1109 10
231 1059 369 1112 ἔστω
427 1057 516 1112 ἐπὶ
571 1060 701 1128 μιᾶς
749 1059 864 1113 τῶν
918 1054 1329 1128 ἆσυμπτώτων,
1383 1057 1476 1112 καὶ
1529 1058 1597 1112 τὰ
1654 1055 1821 1114 λοιπὰ
1866 1055 1934 1114 τὰ

229 1141 369 1200 αὐτὰ
385 1147 650 1216 γινέσθω.
671 1145 833 1217 λέγω,

230 1231 314 1290 ὅτι
344 1232 378 1305 ἡ
414 1234 508 1290 διὰ
538 1239 652 1291 τῶν
678 1242 750 1306 Κ,
774 1241 839 1292 Η

230 1335 587 1394 συμπεσεῖται
633 1332 699 1398 τῇ
749 1347 832 1381 το·
1507 1320 1556 1361 Ζ

230 1421 331 1485 μῇ,
378 1413 472 1467 καὶ
514 1410 548 1484 ἡ
590 1412 698 1469 άπὸ
735 1418 833 1487 τῆς

144 1515 198 1555 15
232 1500 602 1572 συμπτώσεως
642 1504 729 1559 ἐπὶ
768 1503 831 1559 τὸ
972 1493 1043 1641 l]

232 1596 288 1644 A
379 1590 652 1662 ἐφάψεται
736 1601 833 1663 τῆς
906 1621 962 1660 A

229 1681 414 1750 τομῆς.

344 1766 504 1839 ἤχθω
527 1767 634 1824 άπὸ
657 1774 760 1826 τοῦ
779 1777 833 1825 A

234 1857 588 1930 ἐφαπτομένη
621 1856 655 1930 ἡ
689 1866 745 1914 A
755 1867 817 1933 Ζ,
852 1863 945 1918 καὶ
977 1860 1085 1919 ἀπὸ
1117 1866 1219 1919 τοῦ
1255 1869 1299 1918 Ζ
1331 1862 1478 1937 παρὰ
1511 1862 1615 1935 τὴν
1649 1862 1936 1937 ἀσύμπτω-

147 1959 204 1999 20
234 1967 352 2015 τον,
394 1943 483 2018 ἐφ’
520 1940 586 2018 ἧς
624 1950 739 2004 ἐστι
777 1950 839 2006 τὸ
874 1959 946 2023 Δ,
980 1950 1140 2024 ’ἤχθω
1174 1950 1384 2008 εὐθεῖα.
1439 1950 1558 2024 ’ἥξει
1591 1951 1660 2024 δὴ
1696 1953 1790 2008 διὰ
1819 1960 1935 2010 τῶν

236 2039 309 2103 Κ,
325 2040 398 2091 Η.
438 2039 489 2090 εἰ
511 2034 617 2108 γὰρ
643 2037 736 2109 μή,
762 2035 796 2110 ἢ
823 2038 917 2095 διὰ
939 2048 1041 2096 τοῦ
1060 2041 1252 2113 ἑτέρου
1277 2038 1465 2097 αὐτῶν
1490 2037 1662 2113 ἥξειῆ
1684 2041 1758 2097 δι’
1782 2038 1938 2098 οὐδε-

236 2122 427 2194 τέρου,
475 2124 567 2179 καὶ
605 2124 672 2180 τὰ
714 2125 853 2182 αὐτὰ
898 2129 1075 2184 ἄτοπα
1115 2129 1457 2201 συμβήσεται
1495 2140 1612 2195 τοῖς
1649 2129 1938 2203 πρότερον.

1036 2284 1105 2317 κα
1131 2307 1141 2318 .

336 2343 625 2402 ’Ἑστωσαν
671 2348 839 2404 πάλιν
887 2349 1264 2422 ἀντικείμεναι
1312 2354 1374 2405 αἱ
1415 2358 1486 2422 Α,
1512 2357 1584 2421 Β,
1630 2351 1724 2406 καὶ
1769 2349 1831 2406 τὸ
1883 2357 1940 2407 A

149 2445 205 2486 25
239 2444 472 2504 σημεῖον
521 2435 610 2490 ἐπὶ
648 2439 776 2507 μιᾶς
813 2440 927 2493 τῶν
968 2436 1368 2510 άσυμπτώτων,
1415 2439 1508 2494 καὶ
1547 2437 1581 2510 ἡ
1622 2438 1724 2511 μὲν
1765 2445 1943 2495 ABK

237 2529 303 2594 τῇ
356 2526 496 2595 τομῇ
544 2522 675 2579 καθ’
725 2527 786 2580 ἓν
840 2526 1018 2596 μόνον
1074 2539 1307 2598 σημεῖον
1363 2528 1721 2598 συμβαλλέτω
1774 2531 1836 2584 τὸ
1891 2533 1938 2582 Β

237 2610 592 2683 παράλληλος
624 2606 767 2668 οὖσα
791 2617 856 2685 τῇ
882 2616 1040 2689 ἑτέρᾳ
1063 2619 1176 2671 τῶν
1200 2613 1602 2688 άσυμπτῶτων,
1633 2613 1668 2687 ἡ
1695 2615 1758 2672 δὲ
1780 2620 1941 2672 TA&

239 2699 469 2774 ἑκατέρᾳ
505 2703 620 2756 τῶν
658 2711 845 2773 τομῶν
887 2705 1270 2775 συμβαλλέτω,
1317 2704 1410 2759 καὶ
1452 2708 1609 2775 ἔστω,
1650 2701 1726 2769 ὥς
1762 2701 1796 2775 ἡ
1837 2709 1941 2760 ΓΔ

238 2786 375 2859 πρὸς
408 2796 534 2860 ΔΘ,
567 2788 601 2861 ἡ
634 2795 753 2846 ΓΗ
775 2794 913 2864 πρὸς
942 2797 1074 2862 ΗΘ,
1113 2802 1181 2865 τῇ
1213 2792 1275 2848 δὲ
1308 2799 1418 2848 AB
1452 2799 1544 2865 ἴση
1577 2796 1715 2848 ἔστω
1747 2790 1782 2864 ἡ
1814 2797 1937 2847 ΒΚ.
2010 2849 2014 2851 μ

359 2926 430 2965 26.
465 2921 782 2982 συμβαλλέτω]
815 2939 859 2981 p,
894 2923 1162 2983 συμβαλέτω
1197 2925 1290 2971 Vv.

2027 242 2034 251 Α

2029 330 2034 344 !
