2034 3216
248 170 320 223 22
915 171 1192 216 ΚΩΝΙΚΩΝ
1224 168 1288 216 δ’.

247 288 355 345 ἀπὸ
411 293 512 346 τοῦ
566 296 613 344 Β
675 288 825 362 παρὰ
878 287 982 361 τὴν
1023 295 1146 344 ΠΟ
1207 288 1452 362 ἀγομένη
1512 289 1627 361 ἥξει
1683 290 1778 345 διὰ
1833 292 1946 346 τῶν

247 383 319 448 K,
355 383 420 435 A.

359 470 411 522 εἰ
448 488 556 538 γαρ
598 466 698 538 μή,
745 463 869 537 ἤτοι
918 467 1011 521 διὰ
1051 469 1152 522 τοῦ
1193 464 1318 532 ἑνὸς
1363 465 1551 522 αὐτῶν
1592 467 1872 524 ἐλεύσεται
1910 464 1944 539 ἢ

248 553 322 611 δι’
362 552 677 627 οὐδετέρου.

188 651 214 691 5
360 644 607 716 ἐρχέσθω
650 642 742 699 διὰ
783 642 963 714 μόνου
1000 647 1102 699 τοῦ
1142 649 1211 700 Κ.
1289 647 1439 700 ἔστιν
1479 643 1606 716 ἄρα,
1646 642 1720 710 ὡς
1758 642 1791 716 ἡ
1834 650 1947 700 ΖΔ

244 754 387 805 προς
427 739 574 803 ΔΗ,
623 730 656 802 ἡ
699 738 810 787 ΖΧ
841 731 980 803 πρὸς
1018 738 1158 788 ΧΗ·
1211 731 1346 804 ὅπερ
1387 731 1613 790 ἄτοπον.
1694 731 1798 790 οὐκ
1837 732 1946 807 ἄρα

244 821 278 893 ἡ
314 822 423 878 ἀπὸ
457 824 559 878 τοῦ
585 828 630 877 Β
671 819 820 892 παρὰ
852 820 957 892 τὴν
983 827 1098 877 ΠΟ
1129 821 1374 894 ἀγομένη
1418 821 1511 878 διὰ
1545 821 1726 894 μόνου
1757 827 1858 879 τοῦ
1891 829 1948 879 Κ

246 910 550 967 ἐλεύσεται·
592 907 668 965 δι’
704 908 1039 981 ἀμφοτέρων
1079 909 1204 981 ἄρα.

1053 1042 1149 1099 ιδ’.

158 1156 213 1197 10
367 1151 491 1203 Τῶν
532 1146 719 1203 αὐτῶν
761 1145 943 1203 ὄντων
991 1148 1091 1203 ἐὰν
1131 1146 1192 1203 τὸ
1235 1154 1290 1203 Δ
1329 1158 1560 1220 σημεῖον
1609 1147 1696 1204 ἐπὶ
1743 1156 1873 1219 μιᾶς
1910 1140 1945 1221 ᾖ

243 1245 357 1293 τῶν
406 1233 814 1307 ἀσυμπτώτων,
869 1236 962 1291 καὶ
1011 1235 1042 1307 ἡ
1091 1235 1194 1308 μὲν
1235 1242 1353 1291 ΔΕ
1395 1237 1566 1310 τέμνῃ
1622 1234 1724 1308 τὴν
1770 1235 1945 1309 τομὴν

244 1324 384 1382 κατὰ
425 1324 531 1380 δύο
574 1335 799 1396 σημεῖα,
847 1323 881 1396 ἡ
931 1324 993 1380 δὲ
1034 1331 1164 1380 ΔΗ
1201 1323 1339 1380 κατὰ
1388 1324 1569 1396 μόνον
1607 1323 1668 1381 τὸ
1713 1331 1778 1381 Η
1814 1345 1946 1397 παρ-

244 1414 484 1486 άλληλος
523 1407 666 1469 οὖσα
704 1416 770 1487 τῇ
804 1413 964 1488 ἑτέρᾳ
995 1416 1108 1469 τῶν
1140 1411 1542 1485 ἀσυμπτιότων,
1581 1414 1672 1471 καὶ
1703 1415 1945 1486 γένηται,

245 1501 321 1569 ὥς
359 1501 394 1574 ἡ
429 1509 546 1558 ΔΕ
580 1500 718 1575 πρὸς
755 1509 883 1573 ΔΘ,
924 1500 958 1573 ἡ
999 1508 1115 1558 ΕΚ
1149 1501 1287 1575 πρὸς
1326 1509 1453 1573 ΚΘ,
1492 1506 1559 1576 τῇ
1601 1501 1662 1559 δὲ
1693 1508 1823 1558 ΔΗ
1853 1510 1944 1574 ἴση

159 1610 215 1650 15
249 1591 332 1648 ἐπ’
378 1588 606 1656 εὐθείας
651 1593 791 1664 τεθῇ
838 1588 872 1661 ἡ
914 1596 1058 1661 ΗΛ,
1106 1588 1139 1661 ἡ
1190 1589 1281 1646 διὰ
1329 1593 1443 1646 τῶν
1491 1597 1570 1661 Κ,
1603 1596 1655 1646 Λ
1702 1596 1946 1664 σημείων

245 1678 492 1752 ἀγομένη
533 1677 886 1751 παράλληλός
917 1700 972 1734 τε
1013 1683 1166 1734 ἔσται
1206 1683 1270 1752 τῇ
1304 1678 1648 1755 ἀσυμπτεότῳ
1688 1681 1780 1737 καὶ
1813 1697 1944 1754 συμ-

241 1779 488 1825 πεσεῖται
513 1771 581 1841 τῇ
601 1770 762 1840 τομῇ,
787 1768 879 1823 καὶ

243 1855 278 1930 ἡ
324 1855 434 1913 ἀπὸ
481 1866 578 1928 τῆς
624 1857 880 1928 συμπτώ-

245 1962 384 2012 σεως
430 1945 518 2001 ἐπὶ
565 1943 627 2002 τὸ
681 1953 735 1999 Δ
784 1947 879 2018 ε’φ-
936 2013 938 2015 ¹

155 2053 212 2093 20
246 2035 446 2103 ἀψεται
484 2037 582 2105 τῆς
620 2042 808 2106 τομῆς.

359 2121 566 2195 ὁμοίως
631 2121 738 2195 γὰρ
802 2127 878 2199 τῷ

243 2212 630 2286 προειρημένῳ
647 2210 878 2283 ἀγαγὼν

243 2301 347 2373 τὴν
398 2307 518 2356 ΔΒ
571 2303 878 2372 ἐφαπτομέ-

244 2411 353 2460 νην
385 2390 547 2460 λέγω,
582 2387 668 2445 ὅτι
702 2387 735 2460 ἡ
766 2388 875 2445 ἀπὸ

155 2497 211 2538 25
243 2480 345 2533 τοῦ
371 2483 417 2532 Β
450 2476 599 2549 παρὰ
632 2476 736 2549 τὴν
762 2483 879 2532 ΠΟ

245 2564 617 2637 ἀσύμπτωτον
672 2564 917 2637 ἀγομένη
974 2565 1092 2637 ἥξει
1147 2567 1239 2621 διὰ
1297 2568 1409 2620 τῶν
1459 2571 1528 2636 Κ,
1573 2570 1624 2620 Λ
1680 2569 1941 2637 σημείων.

358 2658 409 2710 εἰ
455 2648 562 2710 οὖν
611 2653 705 2710 διὰ
743 2664 844 2710 τοῦ
885 2661 942 2710 Κ
986 2654 1169 2727 μόνου
1207 2653 1348 2726 ἥξει,
1406 2651 1509 2709 οὐκ
1555 2657 1707 2709 ἔσται
1744 2651 1778 2725 ἡ
1821 2660 1943 2710 ΔΗ

244 2747 309 2816 τῇ
351 2749 470 2798 ΗΛ
510 2750 628 2814 ἴση·
686 2741 820 2815 ὅπερ
861 2741 1089 2799 ἄτοπον.
1174 2746 1226 2798 εἰ
1272 2744 1334 2797 δὲ
1379 2741 1472 2797 διὰ
1512 2745 1614 2798 τοῦ
1653 2748 1704 2797 Λ
1744 2741 1940 2814 μόνου,

246 2829 349 2887 οὐκ
390 2836 561 2902 ἔσται,
601 2829 674 2898 ὡς
712 2829 746 2903 ἡ
789 2837 902 2886 ΕΔ
941 2830 1080 2903 πρὸς
1120 2836 1247 2901 ΔΘ,
1287 2829 1321 2902 ἡ
1363 2837 1477 2886 ΕΚ
1511 2832 1652 2903 πρὸς
1691 2836 1814 2888 ΚΘ.
1891 2835 1944 2887 εἰ

367 2970 406 3008 6.
440 2961 557 3021 πρὸς
589 2969 636 3009 X
642 2965 713 3023 H]
747 2980 792 3023 p,
825 2978 914 3011 om.
940 2965 995 3010 V.
1121 2969 1160 3012 7.
1193 2964 1262 3022 K]
1298 2967 1332 3007 Β
1366 2963 1469 3021 Vp;
1502 2977 1616 3009 corr.
1643 2962 1828 3020 Hauey.
