2046 3256
243 165 351 218 206
715 167 1153 210 COMMENTARIA
1183 168 1466 221 ANTIQUA.

239 282 346 355 γὰρ
391 282 452 339 ἐν
490 293 566 358 τῷ
610 286 689 340 ια’
727 294 826 356 τῆς
863 281 1175 341 Εὐκλείδου
1216 283 1635 357 στοιχειώσεως,
1684 283 1794 357 ὅτι,
1842 271 1942 343 ἐὰν

239 370 436 429 εὐθεῖα
476 370 716 446 ἐπιπέδῳ
756 372 869 427 τινὶ
908 370 1047 443 πρὸς
1086 370 1265 445 ὀρθὰς
1304 366 1359 444 ᾗ,
1397 372 1490 427 καὶ
1529 372 1712 428 πάντα
1749 372 1817 430 τὰ
1859 372 1934 430 δι’

238 460 412 532 αὐτῆς
466 459 698 517 ἐπίπεδα
751 464 826 537 τῷ
875 458 1024 537 αὐτῷ
1074 458 1313 536 ἐπιπέδῳ
1360 459 1499 534 πρὸς
1546 458 1729 534 ὀρθὰς
1773 467 1941 523 ἔσται.

235 551 337 606 τὸν
378 550 439 606 δὲ
471 554 657 606 κῶνον
691 549 973 622 σκαληνὸν
1003 548 1264 620 ὑπέθετο,
1297 549 1488 621 ἐπειδὴ
1523 548 1585 606 ἐν
1615 555 1690 627 τῷ
1725 555 1937 609 ἰσοσκε-

181 654 207 694 5
239 645 328 695 λεῖ
363 639 424 695 τό
468 640 827 712 παράλληλον
866 643 930 712 τῇ
973 639 1134 710 βάσει
1174 630 1438 695 ἐπίπεδον
1478 643 1552 715 τῷ
1592 638 1939 708 ὑπεναντίως

236 726 458 804 ἠγμένῳ
499 727 562 785 τὸ
603 726 740 785 αὑτό
781 728 949 785 ἐστιν.

348 822 427 873 ἔτι
483 822 682 889 φησίν·
738 818 1082 889 τετμήσθω
1133 816 1206 872 δὲ
1251 818 1359 873 καὶ
1406 818 1604 893 ἑτέρῳ
1651 817 1935 895 ἐπιπέδῳ

233 907 396 976 πρὸς
452 907 662 979 ὀρθὰς
708 907 826 978 μὲν
870 910 954 982 τῷ
1005 905 1114 962 διὰ
1161 910 1279 962 τοῦ
1326 905 1563 974 ἄξονος
1608 909 1935 985 τριγώνῳ,

236 994 642 1068 ἀφαιροῦντι
669 995 738 1051 δὲ
761 994 923 1068 πρὸς
946 999 1018 1069 τῇ
1049 999 1306 1069 κορυφῇ
1338 1001 1670 1068 τρίγωνον
1696 995 1934 1069 ὅμοιον

145 1099 200 1138 10
233 1084 350 1156 μὲν
382 1087 465 1161 τῷ
500 1090 675 1140 ΑΒΓ
696 1085 1021 1159 τριγώνῳ,
1057 1083 1472 1151 ὑπεναντίως
1506 1085 1574 1141 δὲ
1605 1091 1934 1158 κείμενον.

230 1177 397 1229 τοῦτο
440 1173 501 1229 δὲ
542 1180 752 1244 γίνεται
794 1172 991 1239 οὕτως·
1033 1178 1171 1229 ἔστω
1211 1175 1274 1230 τὸ
1319 1175 1412 1230 διὰ
1451 1178 1554 1230 τοῦ
1595 1175 1795 1242 ἄξονος
1824 1182 1934 1247 τρί-

233 1285 422 1332 γωνον
462 1262 525 1319 τὸ
565 1269 748 1333 ΑΒΓ,
789 1263 881 1319 καὶ
921 1262 1178 1335 εἰλήφθω
1220 1260 1308 1319 ἐπὶ
1347 1267 1444 1334 τῆς
1483 1270 1588 1319 ΑΒ
1627 1266 1798 1338 τυχὸν
1839 1283 1933 1337 ση-

231 1363 390 1422 μεῖον
439 1350 502 1408 τὸ
542 1359 625 1423 Η,
669 1353 762 1407 καὶ
803 1352 1121 1408 συνεστάτω
1161 1353 1302 1424 πρὸς
1338 1357 1404 1426 τῇ
1444 1360 1571 1409 ΑΗ
1603 1353 1801 1429 εὐθείᾳ
1838 1356 1932 1411 καὶ

229 1445 304 1513 τῷ
345 1441 484 1512 πρὸς
523 1440 663 1515 αὐτῇ
707 1447 912 1516 σημείῳ
953 1445 1027 1516 τῷ
1068 1447 1132 1495 Η
1165 1445 1230 1514 τῇ
1273 1439 1382 1498 ὑπὸ
1417 1448 1580 1498 ΑΓΒ
1619 1449 1799 1518 γωνίᾳ
1838 1451 1929 1516 ἴση

142 1544 197 1583 15
230 1527 263 1600 ἡ
297 1527 405 1586 ὑπὸ
434 1536 636 1586 ΑΗΚ·
669 1530 732 1586 τὸ
768 1536 952 1586 ΑΗΚ
982 1529 1091 1601 ἄρα
1122 1535 1401 1602 τρίγωνον
1432 1535 1507 1607 τῷ
1535 1536 1709 1587 ΑΒΓ
1732 1530 1930 1604 ὅμοιον

232 1621 334 1689 μέν
376 1617 553 1690 ἐστιν,
598 1618 946 1685 ὑπεναντίως
985 1619 1047 1675 δὲ
1085 1624 1357 1691 κείμενον.
1435 1622 1689 1692 εἰλήφθω
1732 1622 1802 1692 δὴ
1843 1619 1930 1677 ἐπὶ

231 1711 329 1778 τῆς
367 1715 491 1764 ΗΚ
526 1708 700 1780 τυχὸν
742 1721 974 1779 σημεῖον
1014 1708 1075 1764 τὸ
1109 1715 1171 1779 Ζ,
1211 1711 1303 1765 καὶ
1344 1707 1452 1766 ἄπο
1493 1712 1596 1767 τοῦ
1637 1715 1682 1764 Ζ
1719 1713 1795 1785 τῷ
1827 1720 1929 1767 τοῦ

230 1801 404 1851 ΑΒΓ
435 1798 716 1868 τριγώνου
757 1795 997 1872 ἐπιπέδῳ
1037 1797 1176 1869 πρὸς
1214 1796 1393 1870 ὀρθὰς
1426 1797 1708 1855 ἀνεστάτω
1741 1797 1774 1871 ἡ
1810 1805 1928 1870 ΖΘ,

228 1885 320 1940 καὶ
353 1882 713 1956 ἐκβεβλήσθω
746 1886 808 1942 τὸ
845 1885 938 1941 διὰ
970 1890 1084 1942 τῶν
1116 1893 1254 1955 ΗΚ,
1287 1892 1388 1941 ΘΖ
1422 1888 1701 1943 ἐπίπεδον.
1759 1897 1926 1944 τοῦτο

137 1988 194 2027 20
231 1973 299 2044 δὴ
348 1972 531 2045 ὀρθόν
581 1976 696 2031 ἐστι
741 1974 880 2047 πρὸς
917 1977 979 2031 τὸ
1021 1980 1197 2031 ΑΒΓ
1226 1980 1505 2048 τρίγωνον
1547 1976 1638 2032 διὰ
1678 1975 1782 2048 τὴν
1827 1983 1928 2033 ΖΘ

226 2063 318 2118 καὶ
357 2067 561 2119 ποιοῦν
600 2063 663 2119 τὸ
703 2070 1084 2136 προκείμενον.

341 2154 400 2207 ἐν
440 2161 516 2226 τῷ
557 2153 985 2224 συμπεράσματί
1015 2170 1209 2224 φησιν,
1245 2151 1330 2209 ὅτι
1363 2155 1455 2209 διὰ
1491 2157 1592 2224 τὴν
1626 2152 1926 2226 ὁμοιότητα

225 2244 340 2296 τῶν
382 2248 582 2310 ΔΖΗ,
624 2247 796 2297 ΕΖΚ
837 2244 1127 2312 τριγώνων
1176 2249 1302 2298 ἴσον
1351 2242 1466 2297 ἐστὶ
1503 2245 1565 2298 τὸ
1604 2241 1714 2298 ὑπὸ
1755 2249 1929 2298 ΔΖΕ

225 2338 299 2404 τῷ
353 2327 463 2386 ὑπὸ
515 2337 704 2387 ΗΖΚ.
790 2331 1039 2387 δυνατὸν
1096 2333 1162 2387 δέ
1212 2333 1328 2387 ἐστι
1381 2340 1546 2387 τοῦτο
1603 2333 1778 2398 δεῖξαι
1831 2332 1924 2388 καὶ

138 2431 194 2471 25
232 2421 356 2488 δίχα
389 2423 484 2490 τῆς
508 2423 622 2475 τῶν
646 2421 939 2490 τριγώνων
965 2418 1293 2492 ὁμοιότητος
1312 2422 1566 2491 λέγοντα,
1600 2419 1703 2490 ὅτι,
1734 2420 1922 2491 ἐπειδὴ

344 2676 383 2714 4.
419 2669 635 2724 ἰσοσκελῆ
667 2669 743 2712 W.
880 2675 920 2716 8.
956 2667 1132 2730 ὀρθάς]
1166 2671 1289 2716 inter
1320 2689 1345 2727 ρ
1379 2675 1428 2716 et
1457 2675 1497 2716 θ
1527 2688 1613 2717 ras.
1648 2672 1722 2715 W.
1850 2678 1918 2718 17.

225 2731 307 2773 τοῦ
335 2729 479 2787 (alt.)]
520 2743 607 2773 om.
642 2728 764 2785 Wp,
806 2743 919 2773 corr.
954 2730 1137 2787 Halley.
1293 2735 1361 2776 20.
1405 2731 1493 2790 δή]
1543 2730 1597 2776 δέ
1636 2731 1759 2788 Wp,
1801 2745 1918 2776 corr.

223 2788 392 2844 Halley
425 2802 529 2832 cum
565 2789 740 2832 Comm.
866 2786 991 2835 ἐστιν
1026 2790 1096 2832 W.
1228 2789 1309 2848 τό]
1353 2803 1467 2835 corr.
1503 2804 1559 2834 ex
1591 2792 1653 2850 τῷ
1687 2805 1746 2834 m.
1784 2794 1806 2832 1
1840 2789 1916 2833 W.

283 2848 443 2920 ΑΒΓ]
470 2847 519 2891 in
544 2862 636 2903 mg.
663 2846 835 2891 ‘transit
859 2864 918 2892 m
919 2855 961 2892 1
990 2849 1064 2892 W.
1167 2853 1235 2893 23.
1265 2846 1389 2893 ἐστίν
1414 2849 1487 2894 W.
1595 2854 1664 2894 24.
1692 2846 1816 2893 ἐστιν
1843 2847 1915 2893 W.

284 2911 355 2951 25,
398 2904 703 2963 ὁμοιώτητος,
738 2923 926 2964 -τητος
958 2909 1006 2951 in
1038 2922 1128 2954 ras
1161 2923 1221 2953 m.
1258 2913 1297 2963 1,
1338 2907 1412 2953 W
1545 2905 1637 2967 ὅτι]
1672 2925 1722 2965 p,
1765 2922 1916 2965 comp.

224 2979 365 3022 sup1a
397 2980 480 3010 sor.
516 2982 575 3009 m.
613 2972 634 3010 1
669 2943 743 3013 W.
