2046 3224
194 1058 220 1098 5

166 1505 221 1544 10

166 1948 219 1987 15

163 2390 222 2431 20

843 647 1263 710 ΚῼΝΙΚΩΝ
1307 655 1339 708 ὃ
1351 652 1380 708 ’.

361 773 738 841 Ἀπολλώνιος
772 774 1008 850 Ἀττάλῳ
1049 780 1280 849 χαίρειν.

364 864 659 938 Πρότερον
700 865 804 937 μὲν
843 866 1079 936 ἐξέθηκα
1120 864 1339 937 γράψας
1378 869 1515 938 πρὸς
1554 866 1825 938 Εὔδημον
1856 869 1956 923 τὸν

252 957 631 1027 Περγαμηνὸν
693 957 806 1009 τῶν
870 955 1329 1026 συντεταγμένων
1385 953 1524 1027 ἡμῖν
1577 957 1839 1011 κωνικῶν
1895 957 1957 1011 ἐν

256 1042 399 1100 ὀκτὼ
433 1047 675 1114 βιβλίοις
713 1032 787 1098 τὰ
813 1046 1005 1114 πρῶτα
1036 1048 1180 1116 τρία,
1220 1043 1624 1117 μετηλλαχότος
1656 1042 1708 1100 δ’
1738 1046 1959 1101 ἐκείνου

252 1132 319 1189 τὰ
367 1131 535 1189 λοιπὰ
585 1131 949 1203 διεγνωκότες
993 1133 1133 1205 πρός
1180 1149 1241 1188 σε
1287 1133 1497 1205 γράψαι
1547 1133 1639 1189 διὰ
1687 1137 1749 1190 τὸ
1796 1139 1958 1206 φιλο-

252 1226 545 1295 τιμεῖσθαί
581 1238 642 1277 σε
682 1221 1153 1294 μεταλαμβάνειν.
1167 1221 1235 1279 τὰ
1273 1221 1373 1294 ὑφ’
1410 1221 1569 1295 ἡμῶν
1607 1242 1957 1295 πραγματευ-

254 1311 428 1384 όμενα
468 1310 836 1383 πεπόμφαμεν
877 1311 963 1367 ἐπὶ
1003 1314 1107 1367 τοῦ
1146 1311 1424 1383 παρόντος
1456 1329 1546 1368 σοι
1586 1316 1646 1369 τὸ
1678 1313 1958 1383 τέταρτον.

251 1401 489 1472 περιέχει
532 1400 594 1457 δὲ
633 1404 820 1471 τοῦτο,
860 1402 998 1456 κατὰ
1034 1400 1181 1457 πόσα
1215 1412 1415 1473 σημεῖα
1447 1407 1675 1457 πλεῖστα
1707 1400 1957 1457 δυνατόν

254 1491 369 1546 ε’στι
415 1487 512 1557 τὰς
556 1492 671 1545 τῶν
717 1489 918 1545 κώνων
965 1488 1143 1561 τομὰς
1189 1488 1459 1561 ἀλλήλαις
1499 1510 1557 1544 τε
1602 1490 1696 1545 καὶ
1742 1492 1808 1562 τῇ
1852 1492 1958 1545 τοῦ

251 1579 462 1634 κύκλου
510 1583 834 1653 περιφερείᾳ
886 1578 1253 1650 συμβάλλειν,
1308 1580 1511 1650 ἐάνπερ
1563 1577 1638 1651 μὴ
1686 1576 1812 1635 ὅλαι
1867 1578 1957 1634 ἐπὶ

253 1664 386 1732 ὅλας
426 1666 844 1739 ἐφαρμόζωσιν,
892 1670 972 1723 ἔτι
1010 1666 1202 1724 κώνου
1241 1664 1380 1738 τομὴ
1422 1667 1515 1722 καὶ
1553 1666 1766 1724 κύκλου
1803 1687 1956 1740 περι-

253 1756 449 1826 φέρεια
495 1767 615 1822 ταῖς
663 1754 1072 1829 ἀντικειμέναις
1117 1757 1256 1812 κατὰ
1304 1754 1448 1812 πόσα
1489 1767 1690 1828 σημεῖα
1726 1763 1956 1812 πλεῖστα

254 1843 657 1916 συμβάλλουσι,
695 1845 788 1899 καὶ
831 1847 982 1912 ἐκτὸς
1020 1845 1237 1902 τούτων
1278 1845 1419 1915 ἄλλα
1459 1842 1562 1901 οὐκ
1595 1843 1757 1917 ὀλίγα
1790 1842 1956 1917 ὅμοια

252 1932 486 1999 τούτοις.
578 1933 794 1990 τούτων
844 1934 907 1990 δὲ
952 1939 1014 1991 τὸ
1063 1934 1165 2006 μὲν
1212 1935 1620 2007 προειρημένον
1663 1933 1872 1990 Κόνων
1923 1931 1952 1990 ὅ

253 2021 470 2094 Σάμιος
511 2022 736 2094 ἐξέθηκε
775 2026 915 2094 πρὸς
953 2027 1315 2092 Θρασυδαῖον
1357 2023 1460 2079 οὐκ
1501 2022 1689 2095 ὀρθῶς
1735 2025 1796 2079 ἐν
1835 2034 1956 2089 ταῖς

252 2110 605 2179 ἀποδείξεσιν
640 2110 1037 2185 ἀναστραφείς·
1080 2112 1169 2168 διὸ
1201 2112 1293 2167 καὶ
1326 2116 1561 2185 μετρίως
1600 2109 1776 2168 αὐτοῦ
1817 2109 1954 2168 ἀνθ-

252 2199 430 2271 ήψατο
464 2202 774 2272 Νικοτέλης
821 2200 850 2257 ὁ
887 2207 1226 2275 Κυρηναῖος.
1295 2201 1421 2274 περὶ
1457 2201 1518 2256 δὲ
1551 2205 1654 2257 τοῦ
1688 2202 1958 2273 δευτέρου

254 2293 452 2360 μνείαν
494 2287 673 2360 μόνον
705 2295 997 2361 πεποιήται
1038 2288 1067 2346 ὁ
1103 2291 1410 2360 Νικοτέλης
1451 2288 1559 2345 σὺν
1591 2293 1657 2363 τῇ
1688 2293 1826 2361 πρὸς
1854 2292 1955 2346 τὸν

256 2376 501 2432 Κόνωνα
543 2375 859 2451 ἀντιγραφῇ
901 2377 976 2444 ὡς
1016 2381 1338 2450 δυναμένου
1380 2380 1695 2449 δειχθῆναι,
1737 2381 1955 2434 δεικνυ-

254 2467 403 2541 μένςο
447 2465 509 2521 δὲ
549 2466 678 2522 οὔτε
718 2463 812 2522 ὑπ’
851 2464 1026 2523 αὐτοῦ
1058 2467 1264 2523 τούτου
1297 2464 1427 2522 οὗθ’
1463 2464 1557 2521 ὑπ’
1596 2467 1774 2522 ἄλλου
1804 2469 1957 2533 τινὸς

257 2553 666 2626 ε’ντετεύχαμεν.
731 2558 791 2610 τὸ
834 2557 1022 2627 μέντοι
1064 2561 1253 2628 τρίτον
1293 2554 1386 2610 καὶ
1424 2554 1491 2609 τὰ
1535 2553 1675 2610 ἄλλα
1713 2556 1780 2610 τὰ
1821 2552 1956 2627 δμο-

377 2694 416 2733 1.
460 2684 763 2732 Ἀπολλωνίου
805 2688 1046 2745 Περγαίου
1087 2688 1302 2733 κωνικῶν
1342 2705 1369 2745 γ
1402 2689 1527 2744 (δὈν
1551 2703 1609 2732 m.
1636 2690 1683 2744 2)
1723 2683 1956 2740 ἐκδόσεως

254 2743 493 2792 Εὗτοκίου
515 2743 846 2791 Ἀσκαλωνίτου
879 2744 1084 2804 εὐτυχῶς
1109 2764 1168 2792 m.
1189 2754 1210 2792 1
1231 2748 1285 2793 V.
1411 2752 1478 2792 15.
1504 2746 1684 2792 KcAW
1708 2748 1765 2803 V,
1789 2761 1903 2794 corr.
1921 2762 1955 2804 p

256 2808 304 2850 et
335 2822 394 2850 m.
420 2821 511 2851 rec.
539 2807 595 2853 V.
721 2809 789 2851 16.
826 2803 1128 2863 Θρασύδαιον
1161 2806 1218 2864 V,
1249 2804 1516 2862 θρασυδαρ“
1548 2823 1593 2864 p.
1705 2811 1772 2852 18.
1807 2807 1954 2851 Νικο-

252 2865 388 2922 τελής
419 2865 515 2923 Vp,
548 2867 615 2910 ut.
641 2863 722 2910 lin.
752 2869 818 2909 19.
931 2870 998 2910 19.
1034 2865 1140 2923 σύν]
1176 2863 1227 2911 ἐν
1260 2864 1430 2923 Halley
1464 2880 1568 2910 cum
1595 2866 1770 2911 Comm.
1879 2870 1952 2910 20.

252 2922 468 2969 Κώνωνα
498 2924 555 2983 V,
588 2938 703 2970 corr.
737 2939 767 2982 p
801 2926 848 2970 et
878 2940 938 2972 m.
970 2938 1061 2970 rec.
1096 2926 1151 2971 V.
