2020 3236
941 778 1055 841 Εἰς
1092 774 1162 831 τὸ
1205 776 1277 831 δ’.

383 893 457 947 Τὸ
522 894 785 964 τέταρτον
845 897 1093 964 βιβλίον,
1156 887 1200 948 ὦ
1263 897 1391 965 φίλε
1453 894 1633 967 ἑταῖρε
1682 891 1959 967 Ἀνθέμιε,

266 980 489 1052 ζήτησιν
552 981 654 1052 μὲν
719 986 853 1053 ἔχει,
923 985 1181 1054 ποσαχῶς
1243 986 1304 1037 αἱ
1360 987 1474 1039 τῶν
1533 983 1735 1040 κώνων
1795 984 1959 1056 τομαὶ

263 1067 530 1140 ἀλλήλαις
552 1092 610 1126 τε
633 1070 725 1126 καὶ
749 1074 815 1144 τῇ
841 1075 943 1127 τοῦ
967 1071 1180 1127 κύκλου
1196 1076 1522 1146 περιφερείᾳ
1538 1072 1958 1144 συμβάλλουσιν

203 1167 228 1204 5
262 1156 386 1228 ἤτοι
445 1159 823 1231 ἐφαπτόμεναι
878 1157 912 1230 ἢ
966 1162 1294 1232 τέμνουσαι,
1351 1165 1466 1218 ἐστι
1514 1161 1577 1217 δὲ
1621 1166 1812 1234 χαρίεν
1866 1161 1959 1217 καὶ

262 1246 438 1318 σαφὲς
468 1260 584 1314 τοῖς
615 1251 1020 1321 ἐντυγχάνουσι
1051 1250 1144 1305 καὶ
1176 1249 1414 1321 μάλιστα
1437 1248 1547 1306 ἀπὸ
1571 1253 1670 1321 τῆς
1692 1247 1961 1322 ἡμετέρας

262 1336 552 1406 ἐκδόσεως,
592 1338 684 1392 καὶ
726 1336 861 1393 οὐδὲ
901 1343 1142 1410 σχολίων
1184 1342 1380 1394 δεῖται·
1419 1340 1482 1396 τὸ
1522 1340 1632 1410 γὰρ
1672 1340 1868 1397 ἐνδέον
1900 1342 1962 1395 αἱ

259 1428 624 1497 παραγραφαὶ
686 1430 1015 1498 πληροῦσιν.
1106 1429 1378 1483 δέδεικται
1444 1427 1507 1483 δὲ
1566 1427 1635 1484 τὰ
1691 1429 1753 1483 ἐν
1807 1425 1958 1505 αὐτῷ

261 1512 444 1568 πάντα
500 1513 593 1569 διὰ
647 1518 746 1585 τῆς
799 1519 878 1580 εἰς
927 1513 1213 1571 ἀδύνατον
1266 1515 1589 1588 ἀπαγωγῆς,
1637 1515 1820 1587 ὥσπερ
1865 1517 1958 1573 καὶ

183 1606 230 1650 ἱΟ
262 1600 569 1673 Εὐκλείδης
615 1605 787 1670 ἔδειξε
832 1602 899 1660 τὰ
939 1605 1063 1675 περὶ
1101 1613 1214 1661 τῶν
1253 1609 1442 1676 τομῶν
1479 1608 1581 1661 τοῦ
1618 1604 1828 1661 κύκλου
1864 1609 1957 1661 καὶ

259 1694 371 1746 τῶν
420 1693 666 1762 ἐπαφῶν.
743 1691 1046 1766 εὔχρηστος
1093 1694 1154 1749 δὲ
1199 1694 1291 1749 καὶ
1337 1691 1639 1764 ἀναγκαῖος
1685 1691 1714 1749 ὁ
1754 1693 1958 1765 τρόπος

260 1772 425 1845 οὗτος
470 1780 563 1835 καὶ
609 1783 683 1856 τῷ
718 1780 1080 1851 Ἀριστοτέλει
1129 1786 1287 1838 δοκεῖ
1328 1783 1420 1837 καὶ
1467 1795 1585 1848 τοῖς
1622 1784 1956 1855 γεωμέτραις

256 1869 349 1922 καὶ
388 1870 626 1939 μάλιστα
663 1872 740 1945 τῷ
776 1867 1106 1941 Ἀρχιμήδει.

369 1954 819 2027 ἀναγινώσκοντι
859 1952 964 2013 οὖν
1004 1974 1093 2013 σοι
1131 1957 1198 2013 τὰ
1238 1947 1273 2014 δ
1305 1963 1493 2029 βιβλία
1526 1962 1770 2015 δυνατὸν
1803 1962 1954 2015 ἔσται

169 2054 223 2093 15
258 2045 350 2098 διὰ
390 2048 488 2115 τῆς
527 2049 639 2101 τῶν
678 2054 934 2102 κωνικῶν
973 2052 1348 2118 πραγματείας
1386 2046 1653 2103 ἀναλύειν
1690 2047 1783 2103 καὶ
1823 2063 1954 2104 συν-

253 2134 475 2188 τιθέναι
512 2135 575 2189 τὸ
617 2136 915 2207 προτεθέν“
958 2135 1047 2192 διὸ
1086 2133 1179 2191 καὶ
1220 2135 1384 2201 αὐτὸς
1425 2133 1453 2191 ὁ
1489 2134 1860 2201 Ἀπολλώνιος
1890 2137 1952 2191 ἐν

256 2219 396 2294 ἀρχῇ
445 2226 547 2278 τοῦ
586 2227 811 2293 βιβλίου
851 2225 989 2295 φησὶ
1028 2225 1093 2279 τὰ
1138 2215 1167 2279 δ
1210 2229 1399 2296 βιβλία
1437 2223 1631 2296 ἀρκεῖν
1668 2220 1808 2295 πρὸς
1845 2223 1951 2294 τὴν

255 2307 483 2380 ἀγωγὴν
529 2314 632 2381 τὴν
672 2312 1023 2384 στοιχειώδη,
1073 2311 1142 2368 τὰ
1183 2312 1244 2368 δὲ
1282 2310 1449 2369 λοιπὰ
1487 2311 1631 2368 εἶναι
1670 2327 1950 2384 περιουσι-

254 2399 606 2469 αστικεότερα.

375 2536 414 2575 1.
456 2528 692 2576 Εὐτοκιόυ
720 2528 1051 2578 Ἀσκαλωνίτου
1087 2532 1153 2584 εἰς
1185 2531 1238 2577 τὸ
1272 2532 1320 2577 δ’
1355 2533 1449 2577 τῶν
1479 2529 1782 2577 Ἀπολλωνίου
1814 2549 1950 2576 κωνι-

253 2594 348 2633 κῶν
382 2591 464 2644 τῆς
507 2587 617 2634 κατ’
654 2587 805 2635 αὐτὸν
838 2589 1068 2644 ἐκδόσεως
1099 2594 1174 2647 W,
1221 2606 1354 2636 enan.
1386 2607 1432 2648 p.
1585 2598 1626 2636 4.
1658 2591 1735 2650 τῇ]
1770 2588 1799 2645 ἡ
1834 2591 1948 2647 Wp,

254 2662 369 2692 corr.
412 2648 586 2694 Comm,
718 2649 1000 2707 περιφέρεια
1033 2652 1109 2706 W,
1148 2665 1299 2708 comp.
1332 2666 1377 2708 p.
1531 2654 1570 2694 5.
1604 2646 1731 2708 ἤτοι]
1762 2649 1947 2705 HalIey,

252 2702 335 2764 ἥτε
357 2711 463 2764 Wp.
559 2706 888 2766 ἐφαπτόμεναι
912 2707 965 2768 ἤ]
990 2710 1171 2767 Halley,
1198 2707 1505 2767 ἐφαπτομένη
1522 2708 1636 2766 Wp.
1731 2706 1855 2778 ἔστιν
1872 2709 1946 2753 W.

315 2772 353 2812 6.
402 2765 771 2824 ἐντυγχάνουσιν
818 2770 892 2814 W.
1045 2766 1243 2825 μάλιστα
1281 2794 1341 2801 -
1375 2775 1413 2812 7.
1456 2765 1709 2825 ἐκδόσεως]
1759 2783 1823 2821 μα
1861 2769 1866 2819 Ι
1899 2781 1945 2823 p.

316 2831 355 2870 7.
390 2828 562 2884 δεῖται]
595 2842 649 2884 p,
683 2828 823 2883 δῆται
854 2827 929 2873 W.
1085 2833 1152 2872 10.
1188 2827 1367 2881 ἔδειξεν
1400 2827 1473 2871 W.
1624 2825 1728 2884 τοῦ]
1760 2825 1946 2882 Halley,

251 2885 334 2928 καὶ
366 2887 450 2930 τοῦ
483 2886 598 2943 Wp.
695 2891 763 2931 12.
791 2884 1108 2945 Ἀριστοτέλει]
1143 2900 1259 2932 corr.
1285 2902 1345 2930 m.
1370 2900 1459 2930 reo.
1485 2899 1542 2929 ex
1570 2880 1845 2940 Ἀριστοτέλη
1871 2884 1945 2927 W.

310 2939 608 3002 Ἀριστοτέλει
634 2971 685 2977 -
713 2944 1018 3004 γεωμέτραις]
1053 2959 1169 2992 corr.
1196 2959 1252 2990 ex
1279 2941 1572 3002 Ἀριστοτέλει
1595 2943 1677 2988 καὶ
1701 2944 1842 2987 δοκεῖ
1864 2942 1946 2986 ad-
