2046 3256
199 659 225 698 Οἵ

170 1119 226 1159 10

171 1577 228 1617 15

171 2020 231 2059 20

172 2461 230 2501 25

257 166 331 220 60
492 232 495 235 Ι
788 145 792 147 ’
928 167 1204 211 mmmm
1236 163 1301 210 δ’.

258 284 528 356 ἐφάψεται
567 283 704 340 κατὰ
744 284 812 339 τὰ
850 290 1026 342 κοῖλα.
1105 282 1312 358 ὁμοίως
1352 283 1421 356 δὴ
1462 284 1834 357 δειχθήσεται,
1873 281 1959 341 ὅτι

259 371 394 429 οὐδὲ
433 376 530 444 τῆς
567 379 631 429 Β.
700 371 970 445 ἤχθωσαν
1010 376 1125 429 τῶν
1163 381 1236 444 A,
1268 379 1315 428 Β
1354 375 1543 444 τομῶν
1583 372 1959 446 ἐφαπτόμεναι

258 464 320 517 αί
356 469 491 533 ΑΔ,
523 467 653 517 ΒΕ·
695 455 860 518 αὗται
901 460 970 534 δὴ
1012 461 1324 534 ἐφάψονται
1362 464 1460 534 τῆς
1490 467 1663 518 ΑΒΓ
1691 465 1960 535 γραμμῆς.

259 554 311 606 εἰ
347 552 455 623 γὰρ
497 550 770 621 δυνατόν,
815 550 1055 622 τεμνέτω
1099 548 1133 622 ἡ
1176 551 1332 623 ἑτέρα
1372 548 1579 622 αὐτῶν,
1616 550 1709 606 καὶ
1749 555 1886 607 ἔστω
1924 549 1959 624 ἡ

259 646 381 695 ΑΖ.
444 639 646 712 μεταξὺ
687 639 796 712 ἄρα
834 643 934 711 τῆς
973 646 1080 695 ΑΖ
1121 641 1503 712 ἐφαπτομένης
1539 640 1632 695 καὶ
1662 642 1762 712 τῆς
1792 646 1847 695 Α
1876 662 1960 696 το-

258 731 365 800 μῆς
416 728 881 802 παρεμπέπτωκεν
937 726 1134 784 εὐθεῖα
1189 726 1222 799 ἡ
1274 734 1414 784 AH·
1470 726 1605 801 ὅπερ
1660 725 1960 790 ἀδύνατον.

260 816 576 889 ἐφάψονται
631 816 739 889 ἄρα
791 819 890 888 τῆς
935 823 1126 887 ΑΒΓ,
1180 818 1272 873 καὶ
1329 819 1422 873 διὰ
1477 820 1642 874 τοῦτο
1691 817 1960 891 φανερόν,

259 903 345 961 ὅτι
384 903 419 977 ἡ
452 911 625 962 ΑΒΓ
648 904 779 961 καθ’
818 907 1008 979 ἕτερον
1042 905 1111 961 οὐ
1145 905 1449 979 συμβάλλει
1479 916 1600 972 ταῖς
1630 912 1701 977 Α,
1733 912 1780 962 Β
1812 905 1961 962 ἀντι-

258 994 553 1066 κειμέναις.

1052 1098 1165 1171 μα’.

366 1199 500 1257 Ἐὰν
553 1199 827 1274 ὑπερβολᾶ
893 1211 993 1277 μιᾷ
1047 1205 1161 1259 τῶν
1217 1201 1617 1274 ἀντικειμένων
1668 1203 1807 1258 κατὰ
1856 1201 1960 1258 δύο

262 1302 463 1362 σημεῖα
512 1295 790 1364 συμπίπτῃ
836 1289 1289 1364 ἀντεστραμμένα
1326 1290 1392 1346 τὰ
1433 1292 1607 1362 κυρτὰ
1648 1295 1878 1363 ἔχουσα,
1925 1288 1960 1362 ἡ

260 1378 613 1452 ἀντικειμένη
663 1377 804 1453 αὐτῇ
853 1379 921 1436 οὐ
969 1390 1325 1452 συμπεσεῖται
1361 1382 1429 1453 τῇ
1470 1378 1627 1454 ἑτέρᾳ
1664 1382 1778 1436 τῶν
1817 1376 1962 1435 ἀντι-

260 1467 547 1540 κειμένων.

375 1561 623 1613 ἔστωσαν
670 1554 1043 1628 ἀντικείμεναι
1093 1560 1154 1613 αἱ
1195 1562 1393 1626 ΑΒΔ,
1436 1562 1506 1627 Ζ,
1545 1556 1637 1611 καὶ
1675 1552 1958 1627 ὑπερβολὴ

260 1643 295 1716 ἡ
346 1651 532 1701 ΑΒΓ
584 1648 651 1719 τῇ
706 1651 897 1701 ΑΒΔ
960 1650 1203 1717 συμβαλ-
1247 1658 1304 1701 A

260 1733 396 1790 λέτω
458 1733 598 1790 κατὰ
655 1735 721 1789 τὰ
780 1742 857 1804 Α,
902 1741 949 1789 Β
1005 1746 1202 1806 σημεῖα

260 1820 714 1896 ἀντεστραμμένα
747 1827 951 1895 ἔχουσα
980 1821 1048 1879 τὰ
1072 1845 1202 1895 κυρ-

260 1913 328 1967 τὰ
368 1924 485 1978 τοῖς
522 1916 750 1981 κοίλοις,
788 1911 882 1967 καὶ
912 1915 1010 1983 τῆς
1038 1917 1210 1967 ΑΒΓ

264 2003 402 2056 ἔστω
442 1997 796 2072 ἀντικειμένη
838 1997 872 2071 ἡ
914 2007 979 2056 Ε.
1039 1999 1201 2071 λέγω,

263 2087 348 2145 ὅτι
389 2087 458 2145 οὐ
498 2099 855 2160 συμπεσεῖται
892 2097 958 2161 τῇ
1002 2095 1060 2143 Ζ.

375 2177 685 2249 ἐπεζεύχθω
733 2175 767 2248 ἡ
815 2183 924 2232 ΑΒ
982 2176 1074 2231 καὶ
1122 2178 1202 2232 ε’κ-
1445 2234 1500 2272 B

260 2266 562 2338 βεβλήσθω
604 2266 691 2322 ἐπὶ
721 2266 785 2322 τὸ
819 2271 888 2321 H.
951 2265 1066 2321 ἐπεὶ
1099 2259 1204 2320 οὖν
1374 2215 1623 2379 β
1653 2275 1656 2278 ’

261 2352 582 2427 ὑπερβολὴν
624 2352 727 2425 τὴν
767 2359 958 2409 ΑΒΔ
1005 2351 1202 2409 εὐθεῖα

262 2442 446 2514 τέμνει
472 2440 505 2513 ἡ
529 2449 723 2512 ΑΒΗ,
749 2442 1122 2513 ἐκβαλλομένη
1150 2441 1213 2498 δὲ
1237 2439 1325 2514 ἐφ’
1348 2441 1576 2515 ἑκάτερα
1603 2441 1757 2506 ἐκτὸς
1776 2444 1960 2495 πίπτει

262 2534 360 2602 τῆς
404 2533 603 2601 τομῆς,
661 2529 730 2586 οὐ
770 2542 1126 2601 συμπεσεῖται
1182 2532 1249 2603 τῇ
1296 2536 1341 2584 Ζ
1393 2532 1549 2603 τομῇ.
1635 2527 1840 2601 ὁμοίως
1887 2528 1958 2599 δὴ

385 2727 424 2767 5.
458 2722 572 2766 Post
603 2725 685 2766 ΑΖ
717 2720 822 2766 add.
849 2721 953 2779 Vp.
994 2739 1121 2773 οπως
1152 2724 1259 2779 (om.
1261 2723 1333 2793 p)
1366 2719 1448 2765 καὶ
1474 2718 1717 2793 φανερόν,
1749 2737 1837 2791 οτι,
1869 2716 1957 2764 ἐὰν

262 2778 291 2837 ἡ
326 2785 455 2825 ΓΑΔ
486 2779 676 2839 γραμμὴ
711 2782 949 2853 συμπίπτῃ
983 2781 1062 2825 καὶ
1094 2782 1149 2852 τῇ
1176 2785 1212 2825 Β
1245 2777 1558 2837 ἀντικειμένῃ,
1593 2775 1681 2824 οὐκ
1714 2755 1958 2850 ἐφάψεται

263 2841 346 2897 τῆς
384 2845 420 2885 Α
467 2845 565 2891 τοῖς
606 2842 779 2891 κοίλοις
818 2835 989 2895 ἑαυτῆς
1031 2837 1195 2896 (αὐτῆς
1233 2842 1305 2896 p)·
1354 2838 1661 2895 δειχθήσεται
1699 2835 1789 2894 γὰρ
1828 2833 1955 2881 ἀντι-

265 2895 762 3003 {ssffifflc‘massffl
751 2896 1385 3015 ,Ύξέεῗμέπῗῗὲ.μὲιέῑέᾶῖξ
1411 2898 1771 3012 ἐεῖἶὲἓέροῖἳῗὲ
1784 2895 1957 3012 Ηᾝῖἒῗ
