2034 3216
231 160 306 211 44
899 158 1177 203 ΚΩΝΙΚΩΝ
1209 154 1274 202 δ’.

348 275 445 333 ἐὰν
481 277 542 333 δὲ
574 277 663 333 ἐπὶ
698 279 795 348 τῆς
827 277 1119 342 ἐλλείψεως
1149 271 1183 347 ἢ
1216 278 1313 347 τῆς
1342 277 1446 331 τοῦ
1477 273 1688 329 κύκλου
1711 292 1934 344 περιφε-

163 358 167 363 ’
235 370 387 435 ρειάς
425 363 459 437 ἡ
501 371 602 421 ΓΒ
641 365 995 437 παράλληλος
1031 357 1066 436 ᾗ
1106 368 1172 438 τῇ
1215 370 1353 435 ΑΛ,
1395 360 1602 435 ὁμοίως
1639 364 1715 436 τῷ
1755 380 1936 431 προει-

235 454 458 530 ρημένῳ
492 456 846 526 ποιησόμεθα
876 452 980 525 τὴν
1014 451 1299 519 ἀπόδειξιν
1333 452 1630 523 διάμετρον
1663 451 1938 516 δείξαντες

231 541 333 614 τὴν
374 550 496 600 ΑΘ.

175 627 200 665 5
1036 600 1134 668 κζ’.

343 690 473 747 Ἐὰν
520 695 635 747 τῶν
683 691 1105 763 προειρημένων
1150 692 1423 761 γραμμῶν
1470 709 1616 753 τινες
1652 685 1790 743 κατὰ
1831 686 1935 743 δύο

239 791 438 851 σημεῖα
479 781 835 850 ἐφάπτωνται
877 777 1163 850 ἀλλήλων,
1204 775 1273 833 οὐ
1315 778 1733 849 συμβάλλουσιν
1772 772 1938 846 ἀλλή-

237 876 365 934 λαις
403 867 536 923 καθ’
583 870 787 941 ἕτερον.

348 957 452 1013 δύο
501 957 608 1029 γὰρ
655 965 769 1012 τῶν
816 955 1128 1026 εἰρημένων
1173 957 1445 1027 γραμμῶν
1493 955 1934 1026 ἐφαπτέσθωσαν

152 1059 205 1097 10
237 1044 497 1118 ἀλλήλων
544 1044 682 1101 κατὰ
730 1043 833 1099 δύο
883 1054 1081 1115 σημεῖα
1128 1042 1196 1099 τὰ
1239 1052 1316 1112 Α,
1357 1048 1420 1099 Β.
1495 1044 1664 1114 λέγω,
1714 1039 1800 1098 ὅτι
1847 1038 1938 1097 ἆλ-

237 1134 435 1206 λήλαις
473 1134 611 1189 κατὰ
652 1131 787 1189 ἄλλο
822 1144 1056 1204 σημεῖον
1097 1130 1166 1187 οὐ
1207 1130 1642 1203 συμβάλλουσιν.

349 1227 400 1279 εἰ
443 1222 551 1295 γὰρ
603 1222 876 1292 δυνατόν,
932 1221 1404 1292 συμβαλλέτωσαν
1448 1220 1541 1275 καὶ
1586 1218 1724 1274 κατὰ
1762 1218 1827 1275 τὸ
1876 1223 1939 1291 Γ,

236 1313 328 1367 καὶ
378 1316 515 1368 ἔστω
563 1311 837 1385 πρότερον
876 1310 940 1366 τὸ
982 1316 1036 1365 Γ
1066 1308 1222 1374 ἐκτὸς
1259 1317 1373 1364 τῶν
1410 1316 1482 1379 Α,
1522 1314 1568 1363 Β
1609 1305 1801 1379 ἁφῶν,
1847 1308 1940 1363 καὶ

237 1399 508 1473 ἤχθωσαν
547 1398 658 1456 ἄπο
697 1410 810 1456 τῶν
849 1408 920 1470 Α,
954 1406 1001 1454 Β
1042 1398 1441 1469 ἐφαπτόμεναι·
1484 1397 1798 1468 ἐφάψονται
1831 1396 1940 1468 ἄρα

152 1503 205 1542 15
239 1489 572 1562 ἀμφοτέρων
626 1497 740 1545 τῶν
794 1491 1082 1560 γραμμῶν.
1169 1487 1612 1558 ἐφαπτέσθωσαν
1665 1485 1758 1541 καὶ
1805 1501 1940 1557 συμ-

236 1580 585 1635 πιπτέτωσαν
616 1577 754 1633 κατὰ
785 1575 849 1633 τὸ
875 1583 943 1647 Λ,
978 1574 1053 1641 ῶς
1084 1576 1173 1631 ἐπὶ
1201 1578 1299 1646 τῆς
1322 1574 1542 1648 πρώτης
1563 1578 1940 1646 καταγραφῆς,

237 1667 330 1722 καὶ
370 1666 679 1738 ἐπεζεύχθω
727 1663 761 1737 ἡ
802 1671 930 1721 ΓΛ·
977 1676 1132 1736 τεμεῖ
1168 1664 1238 1736 δὴ
1279 1664 1545 1736 ἑκατέραν
1585 1666 1699 1719 τῶν
1736 1666 1939 1733 τομῶν.

237 1757 476 1827 τεμνέτω
509 1754 648 1811 κατὰ
679 1754 747 1810 τὰ
779 1760 862 1825 Η,
889 1760 979 1825 Μ,
1011 1754 1103 1809 καὶ
1136 1752 1447 1824 ἐπεζεύχθω
1480 1750 1514 1822 ἡ
1541 1757 1731 1807 ANB.
1787 1755 1939 1807 ἔσται

238 1845 347 1917 άρα
379 1846 441 1899 ἐν
473 1866 575 1915 μεν
607 1847 674 1917 τῇ
706 1843 866 1917 ἑτέρα
895 1852 1064 1916 τομῇ,
1106 1840 1181 1908 ῶς
1214 1865 1248 1913 η
1281 1847 1381 1897 ΓΛ
1412 1841 1551 1913 πρὸς
1583 1845 1718 1911 AH,
1757 1837 1792 1910 ἡ
1825 1844 1946 1895 ΓΝ

150 1947 207 1986 20
238 1932 376 2005 πρὸς
407 1938 556 2003 ΝΗ,
598 1935 659 1989 ἐν
691 1932 753 1988 δε
783 1935 850 2005 τῇ
891 1932 1075 2006 ἑτέρα,
1117 1929 1191 1997 ὡς
1223 1928 1257 2001 ἡ
1292 1935 1391 1985 ΓΛ
1421 1929 1561 2002 πρὸς
1591 1935 1728 1999 ΛΜ,
1767 1926 1802 1999 ἡ
1827 1933 1948 1984 ΓΝ

239 2021 380 2094 πρὸς
400 2027 552 2076 ΝΜ
588 2019 722 2094 ὅπερ
749 2019 974 2076 άτοπον.

1036 2109 1142 2179 κη’.

351 2199 485 2255 Ἐὰν
532 2199 594 2255 δὲ
637 2222 671 2270 η
726 2204 844 2254 ΓΗ
875 2197 1230 2269 παράλληλος
1267 2190 1302 2269 ᾖ
1343 2207 1463 2261 ταῖς
1500 2195 1638 2252 κατὰ
1675 2194 1742 2251 τὰ
1780 2203 1859 2266 Α,
1892 2202 1939 2250 Β

243 2300 440 2360 σημεῖα
496 2289 935 2359 ἐφαπτομέναις,
991 2284 1066 2351 ῶς
1120 2285 1207 2341 ἐπὶ
1262 2294 1362 2356 τῆς
1415 2286 1706 2351 ἐλλείψεως
1759 2286 1822 2340 ἐν
1872 2287 1941 2358 τῇ

153 2390 207 2428 25
244 2377 476 2449 δευτέρα
530 2378 882 2447 καταγραφῇ,
939 2373 1315 2441 ἐπιζεύξαντες
1369 2372 1472 2443 τὴν
1519 2378 1627 2427 ΑΒ
1683 2374 1942 2445 ἐροῦμεν,

244 2463 329 2519 ὅτι
362 2464 654 2535 διάμετρος
686 2468 838 2519 ἔσται
867 2472 982 2519 τῶν
1013 2472 1218 2534 τομῶν.
1281 2460 1420 2516 ῶστε
1446 2464 1573 2532 δίχα
1595 2459 1938 2532 τμηθήσεται

244 2553 471 2621 ἑκατέρα
531 2561 645 2607 τῶν
700 2557 837 2623 ΓΗ,
886 2557 1014 2607 ΓΜ
1065 2550 1202 2606 κατὰ
1259 2547 1320 2604 τὸ
1375 2554 1462 2604 Ν·
1525 2546 1658 2622 ὅπερ
1714 2548 1938 2606 ἄτοπον.

245 2640 347 2697 οὐκ
386 2640 496 2712 ἄρα
534 2641 666 2695 καθ’
711 2641 902 2711 ἕτερον
943 2651 1175 2711 σημεῖον
1216 2637 1636 2709 συμβάλλουσιν
1676 2640 1739 2692 αὖ
1770 2660 1939 2710 γραμ-

245 2731 342 2800 μαὶ
381 2728 662 2799 ἀλλήλαις,
701 2727 841 2783 ἀλλὰ
881 2728 1018 2784 κατὰ
1058 2729 1206 2799 μόνα
1244 2724 1310 2782 τὰ
1350 2734 1427 2796 Α,
1461 2732 1523 2780 Β.

367 2854 404 2893 7.
431 2844 672 2905 ἀλλήλαις]
690 2862 737 2903 Ρ,
762 2843 967 2903 ἆλλήλως
983 2846 1037 2891 V.
1142 2849 1211 2888 14.
1238 2841 1596 2902 ἐφάψονται]Ρ,
1623 2840 1937 2899 ἐφάψεταιῖἶ.

309 2912 375 2951 17.
408 2907 566 2963 τεμεῖ]
598 2921 645 2963 Ρ,
677 2910 836 2958 τεμεῖν
871 2906 925 2950 V.
1078 2909 1149 2948 22.
1183 2903 1284 2960 κη’]
1319 2917 1405 2947 om.
1428 2902 1524 2958 Vp.
1677 2906 1748 2946 23.
1780 2901 1859 2960 τά]
1891 2917 1939 2959 Ρ,

247 2965 454 3010 om.V.
525 2971 595 3010 27.
631 2965 760 3023 ΓΜ]
795 2978 910 3021 cvp,
949 2967 1042 3007 Pe
1076 2976 1190 3007 corr.
1223 2977 1282 3006 m.
1314 2968 1334 3006 1
1368 2961 1424 3006 V.
