2046 3256
370 171 541 212 ΡΑΡΡΙ
570 173 862 214 LEMMATA
891 174 956 216 IN
989 174 1185 217 CONIC.
1217 176 1332 219 LIB.
1365 177 1525 220 1-1V.
1683 176 1793 228 145

32 279 35 289 ³
101 289 238 358 πρὸς
268 285 370 357 τὴν
401 296 503 343 τοῦ
535 293 643 342 AB
675 286 884 343 κύκλου
915 291 1273 362 περιφέρειαν
1304 302 1790 363 προσπιπτουσῶν.

101 377 481 447 προσπιπτέτω
521 374 627 447 γάρ
666 397 747 441 τις
784 376 876 431 καὶ
917 378 1073 450 ἑτέρα
1112 378 1145 448 ἡ
1188 384 1308 449 ΓΖ,
1347 379 1438 435 καὶ
1479 383 1787 453 ἐπεζεύχθω

153 495 209 539 Γ
982 463 1016 536 ἡ
1051 473 1174 523 ΔΖ.
1253 468 1368 523 ἐπεὶ
1408 462 1513 524 οὖν
1553 470 1647 524 διὰ
1686 475 1787 525 τοῦ

981 554 1216 625 κέντρου
1255 557 1405 611 ἐστὶν
1437 555 1471 628 ἡ
1504 563 1635 628 ΒΛ,
1675 564 1788 629 μεί-

984 647 1089 708 ζων
1130 642 1281 698 ἐστὶν
1319 642 1352 714 ἡ
1391 651 1500 700 ΔΒ
1540 654 1637 717 τῆς
1676 653 1786 701 ΔΖ

984 732 1154 800 [Eucl.
1192 732 1297 802 III,
1339 736 1410 800 8].
1498 738 1596 788 καί
1637 736 1787 790 ἐστιν

980 817 1173 884 αύταῖς
1219 817 1366 891 ὀρθὴ
1414 818 1448 890 ἡ
1490 826 1623 891 ΔΓ,
1672 823 1787 877 ἐπεὶ

978 908 1069 963 καὶ
1109 911 1184 981 τῷ
1219 908 1456 982 ἐπιπέδῳ
1499 910 1673 977 [Eucl.
1704 912 1785 964 XI

980 998 1082 1051 def.
1114 999 1194 1065 3]·
1246 1001 1444 1066 μείζων
1486 997 1594 1067 ἄρα
1634 999 1786 1053 ἐστὶν

980 1082 1011 1154 ἡ
1037 1089 1146 1140 ΒΓ
1170 1087 1266 1154 τῆς
1292 1089 1406 1141 ΓΖ.
1468 1082 1670 1155 ὁμοίως
1693 1087 1784 1141 καὶ

977 1175 1188 1228 πασῶν.
1264 1176 1490 1243 μεγίστη
1535 1172 1636 1243 μὲν
1677 1172 1785 1245 ἄρα

893 1302 911 1331 ,,
980 1260 1129 1315 ἐστὶν
1175 1259 1209 1331 ἡ
1248 1265 1374 1315 ΓΒ·
1439 1258 1521 1315 ὅτι
1578 1260 1640 1316 δὲ
1692 1263 1785 1317 καὶ

978 1346 1011 1417 ἡ
1045 1353 1099 1401 Α
1110 1353 1160 1402 Γ
1192 1349 1461 1418 ἐλαχίστη.
1530 1348 1644 1403 ἐπεὶ
1676 1349 1784 1423 γὰρ

981 1435 1230 1490 ἐλάσσων
1271 1436 1421 1491 ἐστὶν
1459 1433 1492 1506 ἡ
1534 1443 1650 1490 ΛΔ
1688 1441 1784 1508 τῆς

19 1579 28 1596 9
981 1529 1108 1593 ΔΖ,
1132 1528 1231 1578 καί
1250 1525 1399 1578 ἐστιν
1424 1521 1615 1590 αὐταῖς
1635 1522 1781 1596 ὀρθὴ

98 1607 131 1681 ἡ
175 1616 306 1681 ΔΓ,
355 1610 602 1667 ἐλάσσων
651 1610 758 1685 ἄρα
805 1613 953 1668 ἐστὶν
1000 1610 1034 1682 ἡ
1082 1616 1196 1666 AF
1237 1615 1332 1682 τῆς
1377 1616 1493 1667 ΓΖ.
1579 1610 1783 1683 ὁμοίως

604 1513 640 1548 Ζ

96 1699 188 1753 καὶ
233 1702 441 1755 πασῶν.
525 1702 777 1771 ἐλαχίστη
824 1699 932 1773 ἄρα
979 1700 1129 1755 ἐστὶν
1175 1698 1209 1770 ἡ
1258 1705 1389 1770 ΑΓ,
1445 1705 1669 1771 μεγίστη
1720 1701 1782 1757 δὲ

97 1783 130 1856 ἡ
186 1792 295 1842 ΒΓ
333 1796 526 1844 πασῶν
579 1798 691 1844 τῶν
746 1787 854 1844 ἀπὸ
908 1790 1009 1843 τοῦ
1063 1792 1116 1843 Γ
1170 1787 1307 1860 πρὸς
1358 1787 1463 1858 τὴν
1515 1792 1617 1844 τοῦ
1670 1796 1779 1844 ΑΒ

96 1873 305 1930 κύκλου
343 1877 697 1948 περιφέρειαν
735 1879 1200 1949 προσπιπτουσῶν
1240 1875 1493 1931 εὐθειῶν.

484 2041 599 2102 Εἰς
636 2036 789 2103 τοὺς
825 2038 1149 2102 κωνικοὺς
1189 2035 1402 2109 ὅρους.

202 2137 348 2195 Ἐὰν
396 2138 520 2195 ἀπό
567 2162 748 2205 τινος
794 2144 1067 2211 σημείου
1113 2140 1276 2211 πρὸς
1313 2139 1560 2195 κύκλου
1598 2160 1776 2213 περι-

99 2227 369 2299 φέρειαν
403 2229 451 2295 [Ι
475 2249 526 2299 p.
552 2231 599 2299 6,
623 2231 680 2296 2]
713 2226 937 2292 εἰκότως
965 2224 993 2282 ὃ
1015 2224 1383 2291 Ἀπολλώνιος
1405 2233 1778 2298 προστίθησιν

5 2378 24 2396 e
96 2315 187 2369 καὶ
235 2313 330 2386 ἐφ’
375 2314 644 2386 ἑκάτερα
689 2317 975 2387 ἐκβληθῇ
1019 2319 1090 2385 [p.
1125 2318 1173 2381 6,
1204 2318 1289 2384 4]‚
1346 2315 1637 2388 ἐπειδήπερ
1677 2327 1777 2373 τοῦ

97 2402 361 2473 τυχόντος
398 2402 586 2458 κῶνου
624 2404 845 2474 γένεσιν
886 2406 1060 2472 δηλοῖ.
1123 2405 1173 2456 εἰ
1211 2401 1311 2473 μὲν
1350 2403 1456 2475 γὰρ
1491 2404 1778 2475 ἰσοσκελὴς

10 2526 14 2528 v
98 2486 128 2544 ὁ
168 2494 373 2562 κῶνος,
419 2490 685 2563 περισσὸν
723 2485 794 2561 ’ἧν
832 2488 1267 2560 προσεκβάλλειν
1308 2490 1399 2546 διὰ
1437 2490 1500 2546 τὸ
1539 2490 1641 2562 τὴν
1681 2515 1775 2563 φε-

97 2580 343 2648 ρομένην
398 2577 644 2634 εὐθεῖαν
682 2583 794 2634 αἰεί
835 2597 965 2633 ποτε
1017 2578 1219 2643 ψαύειν
1272 2581 1370 2648 τῆς
1421 2583 1521 2634 τοῦ
1568 2580 1776 2635 κύκλου

98 2670 464 2736 περιφερείας,
491 2666 782 2738 ἐπειδήπερ
807 2665 1041 2720 πάντοτε
1063 2665 1125 2720 τὸ
1151 2678 1380 2737 σημεῖον
1406 2673 1530 2721 ἴσον
1549 2666 1774 2737 ἄφέξειν

97 2755 319 2823 ἔμελλεν
357 2757 453 2824 τῆς
490 2756 591 2809 τοῦ
628 2753 835 2809 κύκλου
873 2758 1235 2825 περιφερείας.
1299 2754 1412 2809 ἐπεὶ
1447 2754 1507 2808 δὲ
1539 2753 1776 2810 δύναται

215 2947 284 2988 23.
317 2945 423 3002 καί]
459 2958 547 2988 om.
579 2943 789 2989 Hultsch.
910 2943 1239 3001 προσεκβληθῇ
1272 2942 1483 2987 Hulbsch.

186 3021 497 3068 Apollonius,
522 3026 578 3059 ed.
602 3027 784 3068 Heiberg.
815 3028 867 3060 11.
1453 3019 1505 3057 10

1849 660 1875 699 5

1820 1100 1875 1138 10

1816 1539 1872 1579 15

1811 2052 1869 2091 20

1809 2513 1866 2553 25
