2046 3256
409 141 658 195 EUTOGH
690 138 1125 183 COMMENTARIA
1155 139 1221 181 IN
1253 137 1489 181 CONIOA.
1671 134 1777 186 227

9 303 11 305 »
100 266 211 317 ΒΓ
242 265 463 333 propter
503 260 796 314 sectionem
834 260 892 312 in
929 258 1201 311 infinitum
1241 274 1497 325 crescere,
1546 256 1684 309 sicut
1723 256 1781 308 in

0 363 7 417 ζ
99 351 462 422 propositione
525 353 718 403 octaua
772 348 1200 401 demonstratum
1256 349 1358 414 est,
1420 347 1532 397 BA
1586 347 1782 411 autem,

0 434 7 480 ἶ
101 459 236 511 quae
285 441 382 494 sub
431 439 631 508 angulo
680 436 941 490 exteriore
987 435 1247 503 trianguli
1286 452 1382 503 per
1422 451 1574 486 axem
1613 432 1780 501 positi

1073 522 1383 591 subtendat,
1433 521 1782 575 terminatam

1074 629 1203 664 esse.
1283 610 1386 663 hac
1425 610 1593 680 igitur
1631 609 1689 662 in
1736 612 1781 660 Z

1072 700 1130 751 in
1156 700 1287 752 duas
1312 700 1494 768 partes
1528 697 1780 766 aequales

1074 787 1262 856 diuisa,
1288 788 1354 840 ab
1381 790 1433 840 A
1459 789 1639 838 autem
1663 790 1715 837 A
1725 787 1791 836 H

1074 874 1317 929 ordinate
1343 875 1504 928 ducta
1536 877 1590 927 et
1611 892 1707 942 per
1735 876 1781 924 Z

1073 966 1250 1017 rectae
1321 968 1372 1015 A
1392 965 1452 1014 H
1524 961 1783 1032 parallela

1075 1053 1235 1105 ducta
1268 1054 1435 1103 ΘΖΚ
1472 1053 1526 1102 et
1567 1052 1783 1118 sumpta

1077 1143 1178 1193 ΘΖ
1220 1142 1396 1192 rectae
1430 1142 1541 1191 ZK
1572 1138 1784 1207 aequali

1074 1231 1457 1298 praetereaque
1499 1230 1712 1295 sumpto

1124 1313 1263 1369 ΘΚ2
1288 1340 1358 1358 =
1384 1318 1493 1367 AB
1516 1327 1586 1370 ><
1611 1317 1658 1366 Β
1668 1317 1738 1382 Ε,

99 1407 417 1461 habebimus
473 1407 699 1459 alteram
757 1405 1079 1458 diametrum
1123 1407 1249 1457 ΘΚ.
1323 1404 1427 1456 hoc
1477 1403 1619 1455 enim
1667 1401 1785 1453 fieri

99 1498 294 1565 potest,
326 1495 451 1564 quia
474 1498 600 1564 ΘΚ,
634 1512 769 1564 quae
802 1495 955 1546 extra
985 1493 1276 1546 sectionem
1303 1495 1400 1560 est,
1431 1491 1487 1543 in
1511 1490 1783 1543 infinitum

101 1583 322 1653 produci
360 1586 557 1653 potest,
597 1586 650 1635 et
689 1582 814 1652 quia
855 1582 920 1634 ab
961 1581 1175 1633 infinita
1210 1582 1361 1633 recta
1390 1581 1594 1631 rectam
1626 1578 1783 1630 datae

102 1673 378 1741 aequalem
441 1671 751 1724 abscindere
812 1687 1115 1738 possumus,
1208 1672 1252 1721 Z
1307 1669 1486 1720 autem
1541 1670 1783 1720 centrum

0 1796 18 1815 -.
104 1763 266 1815 uocat
305 1763 357 1813 et
395 1763 495 1812 ΖΒ
535 1777 744 1828 easque,
786 1776 921 1827 quae
964 1757 1212 1810 similiter
1252 1775 1283 1808 a
1317 1759 1361 1807 Z
1393 1755 1461 1808 ad
1493 1755 1784 1808 sectionem

103 1849 387 1918 ducuntur,
425 1847 620 1902 radios.

212 1938 346 1990 haec
378 1936 590 2006 quidem
622 1935 678 1986 in
708 1934 1008 2003 hyperbola
1041 1934 1431 2003 oppositisque3
1469 1935 1522 1985 et
1546 1932 1784 2000 adparet,

102 2028 385 2093 utramque
426 2023 746 2076 diametrum
783 2023 1129 2074 terminatam
1163 2039 1292 2088 esse,
1331 2021 1566 2089 priorem
1600 2020 1785 2072 statim

0 2131 1 2138 ¹
103 2131 167 2166 ex
215 2113 422 2182 origine
470 2110 746 2179 sectioniS‚
794 2110 1019 2162 alteram
1067 2111 1271 2178 autem,
1317 2108 1458 2176 quod
1498 2107 1674 2160 media
1712 2107 1785 2160 sit

103 2199 524 2270 proportionalis
561 2199 704 2251 inter
735 2201 909 2250 rectas
941 2197 1273 2261 terminatae,
1312 2197 1546 2265 priorem
1581 2195 1786 2248 scilicet

0 2294 3 2298 ’
104 2289 423 2341 diametrum
463 2290 516 2339 et
554 2288 918 2356 parametrum
959 2287 1226 2338 rectarum
1264 2284 1328 2337 ad
1360 2284 1509 2336 illam
1542 2283 1784 2335 ordinate

105 2376 397 2430 ductarum.

215 2465 271 2517 in
297 2464 473 2533 ellipsi
497 2482 623 2517 uero
647 2462 885 2516 nondum
911 2463 1122 2514 constat
1138 2460 1491 2529 propositum.
1533 2459 1784 2529 quoniam

106 2551 248 2603 enim
297 2550 436 2604 sicut
481 2551 711 2603 circulus
759 2551 814 2602 in
863 2567 918 2601 se
965 2548 1212 2617 recurrit,
1262 2565 1445 2600 omnes
1493 2546 1784 2598 diametros

107 2639 252 2690 intra
293 2655 348 2690 se
388 2638 789 2706 comprehendit
830 2640 881 2690 et
921 2636 1262 2703 determinat3
1308 2652 1471 2704 quare
1510 2634 1568 2685 in
1607 2632 1786 2699 ellipsi

107 2725 283 2778 media
322 2725 462 2779 inter
501 2727 671 2778 latera
710 2725 913 2794 figurae
951 2722 1368 2792 proportionalis
1407 2739 1504 2789 per
1542 2723 1784 2773 centrum

110 2814 361 2866 sectionis
403 2814 563 2867 ducta
602 2816 655 2865 et
695 2831 726 2865 a
765 2812 1025 2864 diametro
1065 2812 1121 2864 in
1161 2812 1290 2863 duas
1324 2813 1499 2878 partes
1534 2807 1783 2877 aequales

111 2904 255 2955 secta
287 2919 397 2955 non
430 2919 638 2970 semper
670 2919 701 2953 a
735 2900 971 2954 sectione
1004 2899 1405 2953 determinatur.
1459 2896 1574 2948 fieri
1606 2898 1784 2948 autem

1432 2981 1518 3026 15²¹e
