2046 3256
406 163 654 205 Euroon
686 162 1121 206 COMMENTARIA
1151 163 1215 206 m
1248 162 1483 206 oomoA.
1669 159 1778 212 229

0 275 2 335 Ῐ
96 285 300 352 potest,
345 285 406 335 ut
450 301 546 351 per
593 301 655 334 ea
700 282 842 351 ipsa,
890 300 1024 351 quae
1072 282 1128 334 in
1176 281 1549 350 propositione
1590 281 1779 350 quinta

96 371 300 424 decima
342 370 486 424 dicta
526 373 664 438 sunt,
704 372 1057 438 computetur.
1125 388 1252 422 nam
1293 370 1564 439 quoniam,
1602 372 1664 422 ut
1701 369 1780 421 ibi

98 460 525 512 demonstratum
557 460 654 525 est,
688 460 864 510 rectae
898 457 963 509 ad
998 461 1052 509 Δ
1061 461 1113 509 Ε
1139 459 1318 510 rectae
1350 460 1458 509 AB
1490 457 1778 526 parallelae

0 606 4 611 ,
98 548 290 601 ductae
353 546 642 616 quadratae
707 546 955 615 aequales
1015 549 1141 598 sunt
1196 545 1385 615 spatiis
1443 546 1509 597 ad
1562 545 1778 597 tertiam

99 655 281 689 earum
317 634 796 705 proportionalem,
834 634 937 687 hoc
970 637 1053 686 est
1084 634 1150 687 ad
1184 637 1307 702 ZA,
1349 633 1645 703 adplicatiS,
1678 633 1780 685 erit

98 726 806 792 AE:AB=AB:AZ;
873 741 1038 792 quare
1099 725 1208 774 AB
1268 722 1410 774 inter
1471 725 1607 791 EA,
1669 725 1779 773 AZ

0 827 2 830 ’
99 813 275 866 media
318 816 400 866 est
437 812 876 882 proportionalis.
953 829 1057 880 qua
1097 811 1161 863 de
1202 828 1364 864 causa
1404 810 1564 862 etiam
1603 812 1780 862 rectae

100 903 166 955 ad
191 905 300 955 AB
330 903 508 955 rectae
534 903 650 972 AE
675 900 961 968 parallelae
994 899 1185 953 ductae
1216 898 1506 968 quadratae
1533 899 1780 966 aequales

99 996 253 1043 erunt
293 989 480 1060 spatiis
518 989 584 1041 ad
615 989 835 1041 tertiam
867 990 1136 1041 rectarum
1171 991 1225 1038 Δ
1235 991 1296 1055 Ε,
1336 990 1444 1039 AB
1477 986 1782 1055 proportio-

96 1080 290 1149 nalem,
328 1079 432 1131 hoc
472 1081 554 1130 est
593 1077 659 1130 ad
700 1079 832 1144 AN,
873 1076 1171 1144 adplicatis.
1231 1095 1333 1145 qua
1373 1076 1436 1127 de
1477 1094 1638 1128 causa
1670 1078 1786 1126 AE

103 1167 276 1220 altera
323 1166 617 1219 diametrus
666 1164 840 1217 media
889 1168 970 1217 est
1016 1165 1438 1233 proportionalis
1477 1164 1619 1216 inter
1658 1166 1782 1230 BA,

98 1258 222 1308 AN
253 1255 426 1307 latera
463 1254 683 1324 figurae.

210 1342 482 1397 sciendum
523 1345 702 1394 autem
741 1341 844 1394 hoc
884 1359 1117 1410 quoque,
1165 1340 1305 1409 quod
1347 1340 1414 1392 ad
1452 1340 1654 1410 figuras
1696 1340 1781 1393 de-

99 1431 407 1486 scribendas
446 1431 576 1484 utile
610 1433 713 1498 est,
755 1430 1008 1499 quoniam
1049 1429 1190 1482 enim
1223 1428 1470 1481 diametri
1501 1433 1554 1480 A
1567 1431 1629 1498 B,
1669 1432 1785 1480 ΔΕ

99 1521 408 1589 inaequales
457 1521 583 1572 sunt
629 1515 781 1589 (nam
827 1518 884 1570 in
932 1518 1046 1571 solo
1089 1518 1284 1570 circulo
1326 1519 1451 1570 sunt
1490 1514 1783 1586 aequales),

101 1608 450 1682 manifestum
489 1610 592 1677 est,
630 1610 833 1659 rectam
875 1605 941 1659 ad
981 1607 1242 1659 minorem
1283 1623 1466 1658 earum
1505 1604 1782 1673 perpendi-

98 1697 333 1749 cularem
379 1695 594 1748 ductam
641 1698 703 1747 ut
749 1694 836 1746 hic
883 1697 1014 1763 AZ,
1071 1694 1268 1764 quippe
1318 1712 1453 1763 quae
1500 1694 1664 1746 tertia
1711 1693 1783 1746 sit

0 1816 5 1845 ;
98 1784 522 1853 proportionalis
562 1786 829 1836 rectarum
864 1786 991 1852 AE,
1029 1786 1151 1850 AB,
1191 1782 1452 1836 maiorem
1494 1801 1607 1836 esse
1639 1784 1782 1834 utra-

6 1917 10 1923 .
100 1891 216 1942 que,
240 1874 439 1925 rectam
464 1875 645 1925 autem
670 1871 735 1924 ad
761 1872 1019 1924 maiorem
1043 1871 1540 1940 perpendicularem
1566 1871 1782 1923 ductam

0 1967 3 1995 ff
102 1963 162 2013 ut
221 1960 310 2013 hic
363 1962 504 2028 AN,
567 1959 763 2028 quippe
825 1976 961 2027 quae
1020 1958 1182 2010 tertia
1239 1959 1308 2010 sit
1361 1958 1782 2028 proportionalis

99 2051 365 2102 rectarum
412 2050 519 2100 AB
528 2089 542 2117 ,
589 2050 644 2098 A
652 2050 722 2115 E,
769 2046 1033 2099 minorem
1082 2048 1307 2115 utraque
1352 2046 1527 2112 [Eucl.
1558 2045 1624 2115 V,
1666 2047 1781 2115 14];

101 2155 264 2206 quare
326 2136 490 2188 etiam
553 2135 799 2203 deinceps
854 2134 1289 2202 proportionales
1349 2137 1473 2186 sunt
1527 2136 1784 2202 quattuor

98 2226 225 2277 illae
263 2227 463 2292 rectae,
506 2241 631 2275 nam
671 2225 824 2274 AN:
851 2225 966 2273 ΔΕ
989 2246 1057 2263 =
1084 2225 1232 2273 AE:
1259 2224 1365 2273 AB
1393 2247 1460 2264 =
1487 2226 1630 2274 AB:
1659 2226 1782 2274 AZ.

686 2368 780 2420 Ad
818 2386 993 2436 prop.
1025 2367 1198 2422 XVII.

210 2472 458 2526 Euclides
520 2473 575 2524 in
636 2470 1005 2540 propositione
1071 2471 1262 2540 quinta
1320 2470 1578 2541 decima1)
1633 2472 1783 2524 tertii

101 2561 228 2612 libri
281 2560 689 2614 Elementorum
754 2559 1168 2629 demonstrauit,
1229 2562 1455 2629 rectam,
1519 2577 1653 2628 quae
1716 2559 1782 2610 ad

221 2691 264 2746 1)
297 2688 382 2733 Est
411 2688 556 2734 Elem.
588 2689 668 2745 III,
705 2694 771 2733 16.
880 2732 887 2740 ,

102 2821 228 2865 ἐστιν
258 2820 333 2866 W.
470 2819 605 2879 μέση]
639 2821 726 2877 μέν
759 2820 874 2875 Wp,
908 2833 1022 2865 corr.
1057 2820 1229 2865 Comm.
1365 2824 1434 2863 20.
1468 2819 1580 2877 τῶν]
1614 2832 1703 2863 om.
1735 2835 1780 2875 p.

166 2880 280 2937 ΔΕ]
314 2883 356 2922 Δ
389 2893 413 2924 0
446 2892 561 2924 corr.
585 2882 635 2923 in
667 2877 800 2925 scrib.
827 2878 901 2925 W.
1023 2884 1093 2923 23.
1126 2879 1236 2923 Post
1267 2880 1422 2935 τρίτην
1456 2877 1546 2922 del.
1581 2875 1704 2922 εἶναι
1735 2893 1779 2935 p.

163 2942 234 2982 26.
266 2938 388 2995 AN]
421 2939 474 2981 N
502 2953 526 2983 e
558 2951 672 2983 corr.
704 2953 747 2994 p.
