2046 3256
45 43 54 56 ‚1

10 83 34 126 ,τί

0 148 14 183 ‚¹2
24 143 30 177 f

8 282 22 349 ἓ.

356 184 528 228 PAPPI
557 184 848 225 LEMMATA
878 185 943 227 IN
975 183 1171 227 como,
1203 184 1317 227 Lm.
1349 183 1508 226 1—1v.
1672 179 1777 233 165

204 305 353 358 ἔστιν
402 300 463 356 δὲ
509 300 601 355 καὶ
649 298 826 365 οὕτως
872 298 946 371 μὴ
992 297 1490 373 προσχρησάμενον
1536 301 1611 373 τῷ
1653 314 1779 353 συν-

7 368 17 413 ’Υ
97 391 338 465 ημμένῳ.
417 388 531 445 ἐπεὶ
578 387 685 460 γάρ
733 389 911 458 ἐστιν,
968 385 1042 453 ὥς
1086 384 1119 458 ἡ
1168 392 1282 441 ΑΕ
1329 389 1465 457 πρὸς
1510 384 1612 456 τὴν
1659 391 1777 456 ΕΒ,

532 474 710 540 οὕτως
741 473 774 546 ἡ
805 482 917 530 ΕΔ
948 478 1083 547 πρὸς
1114 474 1216 546 τὴν
1241 480 1351 530 ΕΓ
1386 476 1559 543 [Eucl.
1582 475 1675 545 VI,
1699 476 1778 544 4],

22 611 23 614 η
284 534 334 572 Z
377 561 429 603 B
532 564 624 619 καὶ
664 561 738 629 ὡς
776 562 884 635 ἄρα
929 567 990 620 τὸ
1034 561 1142 619 ὑπὸ
1182 569 1348 618 ΑΕΒ
1395 565 1533 635 πρὸς
1570 565 1631 617 τὸ
1672 559 1778 616 ἀπὸ

531 658 661 722 ΕΒ,
711 653 886 717 οὕτως
930 655 991 707 τὸ
1035 649 1142 707 ὑπὸ
1185 655 1361 706 ΔΕΓ
1397 654 1533 722 πρὸς
1570 653 1631 706 τὸ
1672 648 1779 705 ἀπὸ

535 746 652 795 ΕΓ.
724 738 863 796 ἀλλὰ
903 744 1011 811 καί,
1053 738 1126 805 ὡς
1164 742 1225 794 τὸ
1267 739 1374 794 ἀπὸ
1408 744 1517 793 ΒΕ
1551 740 1688 810 πρὸς
1717 741 1779 792 τὸ

114 851 168 890 Γ
451 846 490 888 Δ
534 826 640 883 ἀπὸ
689 835 816 899 ΒΖ,
874 827 1049 893 οὕτως
1101 830 1163 883 τὸ
1220 825 1325 883 ἀπὸ
1373 831 1484 882 ΕΓ
1529 828 1665 896 πρὸς
1718 828 1779 880 τὸ

229 883 294 923 ff
533 914 641 972 ἀπὸ
692 920 806 972 ΓΗ
851 918 1161 988 [Eu01.vl,
1207 919 1295 985 4]·
1361 914 1434 969 δι’
1486 922 1612 969 ἴσου
1667 911 1776 984 ἄρα

95 1006 271 1074 ἐστίν,
320 1001 393 1068 ὡς
431 1006 492 1058 τὸ
532 1008 640 1060 υπὸ
680 1010 845 1059 ΑΕΒ
895 1008 1032 1076 πρὸς
1070 1008 1131 1060 τὸ
1172 1003 1279 1060 ἀπὸ
1322 1009 1448 1073 ΖΒ,
1506 1000 1683 1065 οὕτως
1720 1004 1781 1055 τὸ

99 1095 200 1147 υπὸ
236 1095 401 1146 ΓΕΔ
438 1095 575 1165 πρὸς
605 1095 667 1148 τὸ
701 1092 806 1147 ἀπὸ
839 1097 964 1147 ΓΗ.
1019 1091 1160 1147 ἀλλὰ
1191 1097 1300 1161 καί,
1342 1088 1415 1156 ὡς
1445 1093 1506 1145 τὸ
1541 1087 1649 1144 ἀπὸ
1680 1095 1781 1143 ΖΒ

96 1183 231 1250 πρὸς
267 1185 330 1236 τὸ
369 1180 478 1236 ὑπὸ
518 1187 709 1250 ΒΖΑ,
763 1178 939 1245 οὕτως
976 1182 1037 1234 τὸ
1079 1178 1185 1234 ἀπὸ
1225 1183 1345 1234 ΓΗ
1383 1181 1519 1250 πρὸς
1567 1180 1629 1232 τὸ
1675 1178 1782 1232 ὑπὸ

99 1272 292 1323 ΓΗΔ·
349 1266 423 1323 δι’
465 1276 590 1324 ἴσου
631 1266 740 1339 ἄρα
780 1270 947 1338 ἐστίν,
989 1265 1061 1333 ὡς
1099 1270 1159 1322 τὸ
1198 1268 1306 1322 ὑπὸ
1345 1271 1510 1321 ΑΕΒ
1548 1267 1686 1337 πρὸς
1722 1268 1783 1320 τὸ

98 1357 204 1412 ὑπὸ
247 1362 436 1428 ΑΖΒ,
490 1354 666 1421 οὕτως
705 1356 765 1411 τὸ
807 1354 914 1411 ὑπὸ
957 1361 1126 1411 ΓΕΔ
1172 1353 1308 1427 πρὸς
1347 1352 1409 1410 τὸ
1447 1355 1554 1408 ὑπο
1596 1356 1784 1407 ΓΗΔ.

1820 1105 1872 1144 10
