2046 3256
229 135 335 190 182
698 138 1139 182 COMMENTARIA
1169 139 1452 191 AN'mQUA.

229 260 296 310 H
337 258 452 311 τῶν
493 261 619 325 ΑΖ,
660 261 778 310 ΖΒ.
853 255 948 310 καὶ
992 256 1202 329 κέντρῳ
1249 255 1352 327 μὲν
1398 259 1473 333 τῷ
1516 262 1562 311 Ζ
1601 255 1929 328 διαστήματι

229 344 291 400 δὲ
329 346 397 417 τῇ
436 349 500 398 Η
538 343 742 408 κύκλος
780 342 1088 416 γεγράφθω
1129 342 1159 400 ὁ
1201 349 1325 400 ΚΘ.
1402 344 1654 416 φανερὸν
1694 345 1792 418 δή,
1841 343 1927 402 ὅτι

228 434 413 506 τέμνει
459 430 494 504 ἡ
535 438 648 487 ΚΘ
689 434 1012 505 περιφέρεια
1051 434 1158 505 τὴν
1196 439 1306 489 ΑΒ
1347 431 1600 491 εὐθεῖαν·
1646 431 1682 507 ἡ
1721 435 1830 506 γὰρ
1870 440 1931 490 H

226 521 424 579 εὐθεῖα
471 523 610 593 μέση
659 519 943 593 ἀνάλογόν
990 524 1106 578 ἐστι
1144 531 1259 578 τῶν
1298 529 1353 578 A
1364 529 1433 592 Z,
1475 529 1592 580 ΖΒ.
1669 523 1926 596 εἰλήφθω

167 627 193 666 5
228 613 297 682 δὴ
341 612 427 668 ἐπὶ
467 614 564 682 τῆς
601 615 957 684 περιφερείας
993 609 1166 683 τυχὸν
1207 624 1441 684 σημεῖον
1479 611 1542 669 τὸ
1578 619 1642 683 Θ,
1680 613 1774 669 καὶ
1814 614 1927 669 ἑπε-

229 700 556 774 ζεύχθωσαν
604 703 666 755 αἱ
711 705 846 770 ΘΑ,
886 706 1015 772 ΘΒ,
1058 706 1174 757 ΘΖ.
1252 709 1344 773 ἴση
1392 700 1502 775 ἄρα
1550 703 1702 759 ἐστὶν
1746 699 1781 773 ἡ
1825 708 1927 759 ΘΖ

225 794 290 864 τῇ
331 796 415 861 Η,
463 790 555 846 καὶ
596 791 690 845 διὰ
731 789 899 846 τοῦτό
942 793 1111 861 ἐστιν,
1153 788 1227 857 ὡς
1269 788 1300 862 ἧ
1341 797 1450 847 ΑΖ
1488 792 1627 864 πρὸς
1663 791 1767 864 τὴν
1807 798 1927 862 ΖΘ,

224 877 258 951 ἡ
308 886 410 935 ΖΘ
462 881 602 950 πρὸς
650 885 764 934 ΖΒ.
848 879 942 934 καὶ
995 880 1121 952 περὶ
1175 878 1278 951 τὴν
1334 877 1513 952 αὐτὴν
1563 886 1778 952 γωνίαν
1824 881 1927 953 τὴν

225 966 334 1025 ὑπὸ
378 974 536 1024 ΘΖΒ
577 967 864 1039 ἀνάλογόν
905 972 1069 1024 εἰσιν·
1114 967 1314 1040 ὅμοιον
1355 968 1463 1042 ἄρα
1504 970 1619 1026 ἐστὶ
1660 971 1723 1027 τὸ
1762 976 1929 1026 ΑΖΘ

140 1072 195 1112 10
227 1061 303 1134 τῷ
352 1064 514 1114 ΘΒΖ
567 1059 848 1132 τριγώνῳ,
903 1058 997 1113 καὶ
1046 1065 1138 1129 ἴση
1186 1055 1220 1129 ἡ
1269 1056 1380 1116 ὑπὸ
1432 1065 1589 1115 ΖΘΒ
1636 1064 1814 1131 γωνία
1859 1069 1926 1133 τῇ

229 1145 338 1203 ὑπὸ
382 1154 564 1203 ΘΑΒ.
643 1146 803 1219 ἤχθω
852 1145 922 1218 δὴ
967 1146 1061 1203 διὰ
1100 1156 1202 1204 τοῦ
1244 1154 1290 1204 Β
1329 1152 1395 1222 τῇ
1430 1155 1538 1205 ΑΘ
1574 1147 1930 1221 παράλληλος

228 1235 263 1308 ἡ
313 1242 440 1293 ΒΛ.
520 1236 637 1293 ἐπεὶ
686 1229 792 1292 οὖν
838 1238 1015 1308 ἐστιν,
1064 1234 1138 1303 ὡς
1176 1235 1210 1308 ἡ
1250 1244 1360 1293 ΛΖ
1405 1237 1542 1308 πρὸς
1585 1244 1709 1309 ΖΘ,
1753 1236 1787 1310 ἡ
1827 1243 1931 1294 ΘΖ

227 1325 368 1398 πρὸς
408 1332 528 1396 ΖΒ,
567 1326 659 1381 καὶ
700 1322 774 1391 ὡς
813 1326 923 1396 ἄρα
961 1325 1152 1397 πρώτη
1193 1324 1226 1397 ἡ
1269 1333 1377 1382 ΑΖ
1415 1326 1555 1398 πρὸς
1592 1332 1785 1401 τρίτην
1822 1326 1927 1399 τὴν

232 1421 361 1486 ΖΒ,
409 1414 471 1471 τὸ
521 1413 627 1471 ἀπὸ
670 1421 779 1471 ΑΖ
826 1412 965 1487 πρὸς
1010 1416 1073 1471 τὸ
1123 1414 1230 1472 ἀπὸ
1263 1422 1378 1473 ΖΘ.
1457 1413 1580 1472 ἀλλ’
1632 1413 1706 1482 ὡς
1748 1414 1781 1487 ἡ
1822 1422 1928 1473 ΛΖ

141 1518 194 1558 15
227 1503 368 1575 πρὸς
408 1511 537 1574 ΖΒ,
584 1502 618 1575 ἡ
660 1511 768 1560 ΑΘ
812 1504 954 1577 πρὸς
993 1510 1123 1559 ΒΛ·
1167 1505 1260 1560 καὶ
1301 1503 1375 1572 ὡς
1414 1506 1525 1578 ἄρα
1562 1503 1625 1561 τὸ
1667 1503 1775 1562 ἀπὸ
1818 1511 1927 1561 ΑΖ

224 1592 364 1665 πρὸς
409 1591 471 1649 τὸ
522 1591 629 1649 ἀπὸ
674 1599 802 1662 ΖΘ,
848 1591 882 1664 ἡ
925 1599 1037 1649 ΑΘ
1083 1593 1223 1667 πρὸς
1262 1599 1387 1651 ΒΛ.
1464 1593 1635 1651 πάλιν
1678 1594 1794 1650 ἐπεὶ
1835 1600 1926 1665 ἴση

225 1683 376 1739 ἐστὶν
424 1679 458 1753 ἡ
496 1680 605 1738 ὑπὸ
652 1688 811 1738 ΒΘΖ
857 1685 922 1755 τῇ
963 1681 1072 1738 ὑπὸ
1113 1689 1303 1753 ΘΑΒ,
1354 1688 1469 1739 ἔστι
1510 1683 1572 1739 δὲ
1609 1683 1701 1739 καὶ
1741 1681 1775 1754 ἡ
1816 1680 1926 1739 ὑπὸ

224 1778 390 1827 ΑΘΒ
438 1774 504 1845 τῇ
554 1769 663 1826 ὑπὸ
706 1777 870 1826 ΘΒΛ
917 1779 1032 1843 ἴση·
1083 1773 1317 1839 ἐναλλὰξ
1364 1772 1494 1845 γάρ·
1542 1773 1634 1828 καὶ
1681 1769 1716 1843 ἡ
1759 1769 1926 1842 λοιπὴ

224 1859 333 1932 ἄρα
386 1863 453 1933 τῇ
500 1864 665 1933 λοιπῇ
714 1867 806 1931 ἴση
856 1863 1032 1930 ἐστίν,
1086 1861 1179 1916 καὶ
1229 1859 1429 1932 ὅμοιόν
1478 1864 1592 1917 ἐστι
1637 1860 1700 1917 τὸ
1760 1865 1925 1916 ΑΘΒ

138 1965 197 2005 20
229 1953 304 2025 τῷ
347 1955 529 2018 ΒΘΛ,
567 1949 661 2004 καὶ
700 1948 989 2021 ἀνάλογόν
1030 1953 1176 2005 εἰσιν
1215 1953 1278 2006 αἱ
1312 1951 1547 2021 πλευραὶ
1587 1953 1649 2005 αἱ
1674 1949 1800 2021 περὶ
1831 1946 1928 2015 τὰς

225 2045 349 2103 ἴσας
394 2042 628 2109 γωνίας,
680 2035 754 2103 ὡς
800 2037 834 2109 ἡ
884 2045 994 2094 ΑΘ
1039 2040 1181 2112 πρὸς
1220 2045 1348 2110 ΘΒ,
1396 2037 1430 2110 ἡ
1471 2045 1574 2094 ΘΒ
1620 2039 1760 2111 πρὸς
1799 2042 1926 2108 ΒΛ,

221 2127 315 2182 καὶ
367 2125 441 2192 ὡς
487 2125 550 2183 τὸ
598 2126 706 2183 ἀπὸ
755 2134 865 2183 ΛΘ
911 2129 1053 2200 πρὸς
1097 2127 1160 2205 τὸ
1209 2126 1319 2185 ἀπὸ
1370 2134 1501 2199 ΘΒ,
1549 2126 1583 2199 ἡ
1633 2134 1742 2184 ΑΘ
1787 2125 1928 2198 πρὸς

224 2222 347 2271 ΒΛ.
428 2210 500 2287 ἦν
542 2216 604 2271 δὲ
651 2222 769 2287 καί,
820 2215 894 2282 ὡς
940 2216 974 2289 ἡ
1024 2224 1132 2272 ΑΘ
1178 2217 1316 2289 πρὸς
1361 2223 1496 2288 ΒΛ,
1551 2216 1612 2274 τὸ
1662 2215 1770 2272 ἀπὸ
1819 2221 1926 2270 ΑΖ

222 2303 361 2376 πρὸς
406 2304 467 2361 τὸ
522 2303 630 2361 ἀπὸ
674 2311 796 2360 ΖΘ·
847 2302 922 2371 ὡς
970 2305 1078 2377 ἄρα
1125 2305 1187 2362 τὸ
1236 2305 1347 2362 ἀπὸ
1388 2312 1496 2362 ΑΖ
1536 2305 1674 2376 πρὸς
1711 2303 1774 2361 τὸ
1814 2303 1924 2360 ἀπὸ

135 2408 192 2448 25
228 2399 347 2464 ΖΘ,
388 2393 448 2450 τὸ
493 2392 602 2449 ἀπὸ
642 2401 748 2449 ΑΘ
785 2396 927 2464 πρὸς
964 2394 1027 2451 τὸ
1069 2393 1177 2450 ἀπὸ
1215 2400 1335 2465 ΘΒ,
1376 2395 1469 2450 καὶ
1510 2393 1604 2449 διὰ
1635 2397 1819 2464 τοῦτο,
1852 2390 1927 2459 ὡς

228 2481 262 2554 ἡ
313 2490 420 2538 ΑΖ
466 2482 604 2556 πρὸς
652 2490 779 2553 ΖΘ,
827 2481 861 2554 ἡ
909 2490 1020 2539 ΑΘ
1066 2483 1205 2556 πρὸς
1253 2489 1368 2539 ΘΒ.
1447 2481 1568 2538 ἀλλ’
1623 2480 1697 2549 ὡς
1742 2479 1777 2554 ἡ
1818 2488 1924 2538 AZ

227 2570 368 2644 πρὸς
415 2578 541 2643 ΖΘ,
590 2569 624 2642 ἡ
673 2578 785 2627 ΕΛ
831 2571 971 2645 πρὸς
1010 2579 1064 2628 Γ
1101 2573 1191 2628 καὶ
1242 2570 1274 2643 ἡ
1319 2577 1371 2629 Γ
1408 2571 1549 2645 πρὸς
1589 2579 1664 2627 Δ·
1711 2571 1804 2627 καὶ
1852 2568 1926 2637 ὥς

227 2660 336 2733 ἄρα
375 2658 409 2732 ἡ
451 2665 504 2716 Γ
534 2659 676 2733 πρὸς
716 2667 792 2732 A,
831 2658 864 2731 ἡ
908 2667 1018 2716 ΑΘ
1054 2661 1195 2732 πρὸς
1234 2667 1350 2717 ΘΒ.
1430 2659 1636 2733 ὁμοίως
1675 2661 1745 2732 δὴ
1784 2663 1923 2732 δειχ-

224 2749 502 2821 θήσονται
548 2758 724 2805 πᾶσαι
771 2752 834 2804 αἱ
875 2747 982 2805 ἀπὸ
1031 2753 1145 2806 τῶν
1185 2757 1262 2821 Α,
1303 2755 1349 2804 Β
1399 2754 1644 2822 σημείων
1693 2749 1781 2806 ἐπὶ
1818 2747 1922 2820 τὴν

346 2887 384 2928 5.
408 2879 765 2939 ἔπιζεύχθωσαν
782 2883 858 2938 W,
876 2896 991 2927 corr.
1009 2898 1069 2927 m.
1090 2888 1129 2927 1.
1223 2887 1263 2927 9.
1286 2879 1411 2927 ἐστίν
1430 2883 1504 2927 W.
1600 2887 1669 2927 14.
1687 2885 1768 2927 AZ
1782 2881 1924 2940 (alt.)]

227 2946 260 2986 Z
290 2957 314 2987 e
340 2957 455 2988 corr.
474 2956 533 2987 m.
556 2947 578 2985 1
597 2942 671 2987 W.
778 2947 846 2988 17.
882 2943 1034 3001 ΘΑΒ]
1072 2943 1112 2987 Θ
1136 2956 1251 2987 corr.
1271 2955 1327 2986 ex
1353 2946 1387 2986 Β
1412 2956 1472 2987 m.
1501 2947 1522 2987 1
1549 2956 1594 2998 p.
1703 2940 1829 2986 ἔστιν
1846 2940 1922 2986 W.
