2046 3256
783 165 1162 209 FRAGMENTA.
1713 154 1815 207 137

139 294 379 359 φερειῶν
417 288 714 356 βεβηκυίας
751 284 848 350 τὰς
887 291 956 354 Α,
991 290 1045 337 Δ
1091 284 1295 353 γωνίας
1343 286 1465 343 ἴσας
1504 275 1821 346 ἀποφαίνει.

142 378 231 430 δεῖ
266 374 328 430 δὲ
365 378 668 445 προλαβεῖν
708 378 817 444 καί,
860 371 944 428 ὅτι
984 369 1017 442 ἡ
1052 377 1158 426 AB
1201 377 1290 440 ἴση
1331 372 1397 440 τῇ
1437 372 1557 435 ΓΔ,
1596 368 1691 420 ἵνα
1730 363 1821 418 καὶ

142 465 200 518 οἱ
233 461 427 518 κύκλοι
467 469 579 518 ἴσοι
613 456 728 518 ὦσι.

254 583 338 636 58.
395 581 721 650 Scholiuml)
762 582 826 634 ad
866 579 1109 633 Euclidis
1150 579 1293 631 Data
1333 577 1451 629 deff.
1496 572 1734 628 13—15:

261 682 507 748 Τούτους
532 682 907 739 Ἀπολλωνίου
933 681 1106 752 φασὶν
1140 679 1283 735 εἶναι
1314 677 1443 743 τοὺς
1475 690 1619 749 τρεῖς
1645 675 1826 749 ὅρους.

756 845 1223 898 Astronomica.

260 966 345 1019 59.
391 965 735 1018 Ptolemaeus
775 960 1032 1028 σύνταξις
1071 962 1196 1031 XII,
1232 964 1259 1016 1
1306 961 1386 1031 (II
1425 980 1473 1030 p.
1508 961 1615 1014 3152
1635 978 1709 1028 sq.
1751 958 1831 1010 ecl.

147 1052 391 1124 Hfflmae:

268 1154 494 1211 Τούτων
528 1154 1012 1224 ἀποδεδειγμένων
1045 1152 1370 1208 ἀκόλουθον
1402 1147 1472 1206 ἂν
1506 1156 1588 1220 εἴη
1622 1148 1833 1214 καὶτὰς

151 1242 282 1300 καθ’
319 1242 552 1299 ’ἕκαστον
591 1246 702 1298 τῶν
742 1246 902 1298 πέντε
942 1243 1323 1312 πλανωμένων
1361 1240 1661 1310 γινομένας
1701 1258 1833 1308 προ-

152 1332 376 1404 ηγήσεις
423 1334 708 1403 ἐλαχίστας
746 1352 803 1385 τε
849 1331 942 1384 καὶ
991 1334 1247 1401 μεγίστας
1294 1329 1696 1394 ἐπισκέψασθαι
1743 1326 1835 1380 καὶ

155 1423 326 1488 δεῖξαι
366 1421 458 1475 καὶ
497 1419 595 1485 τὰς
632 1419 848 1474 τούτων
888 1418 1252 1490 πηλικότητας
1299 1416 1407 1472 ἀπὸ
1448 1419 1560 1471 τῶν
1602 1414 1836 1485 ἐκκειμέ-

154 1532 271 1566 νων
303 1506 631 1564 ὑποθέσεων
658 1506 1016 1578 συμφώνους,
1051 1504 1123 1571 ὦς
1149 1510 1231 1560 ἔνι
1256 1505 1507 1576 μάλιστα,
1541 1503 1839 1574 γινομένας

155 1609 274 1663 ταῖς
313 1599 372 1652 ἐκ
410 1599 522 1653 τῶν
553 1596 839 1668 τηρήσεων
870 1595 1469 1666 καταλαμβανομέναις.
1533 1596 1610 1657 εἰς
1643 1591 1704 1647 δὲ
1734 1590 1837 1662 τὴν

155 1687 418 1756 τοιαύτην
469 1684 738 1755 διάληψιν
783 1683 1326 1754 προαποδεικνύουσι
1382 1681 1484 1753 μὲν
1538 1681 1630 1736 καὶ
1683 1683 1740 1735 οἵ
1782 1700 1839 1734 τε

157 1771 317 1829 ἄλλοι
350 1773 726 1845 μαθηματικοὶ
757 1774 848 1828 καὶ
876 1770 1242 1837 Ἀπολλώνιος
1274 1770 1302 1827 ὃ
1337 1777 1616 1842 Περγαῖος
1649 1768 1722 1834 ὡς
1755 1768 1840 1823 ἐπὶ

161 1865 287 1933 μιᾶς
325 1865 422 1932 τῆς
459 1860 607 1933 παρὰ
644 1862 744 1916 τὸν
784 1859 947 1932 ἥλιον
987 1862 1328 1932 ἀνωμαλίας,
1371 1858 1473 1929 ὅτι,
1515 1858 1614 1913 ε’ἀν
1652 1878 1709 1912 τε
1750 1855 1841 1911 διὰ

160 1953 256 2021 τῆς
293 1949 410 2005 κατ’
449 1951 743 2005 ε’πίκυκλον
782 1947 1102 2014 ὑποθέσεως
1146 1953 1392 2019 γίνηται,
1440 1955 1540 2002 τοῦ
1588 1945 1689 2017 μὲν
1735 1946 1842 1999 ἐπι-

162 2037 370 2093 κύκλου
412 2038 536 2111 περὶ
574 2036 675 2092 τὸν
715 2035 1054 2108 ὃμόκεντρον
1093 2040 1166 2112 τῷ
1211 2039 1455 2111 ζῳδιακῷ
1495 2034 1700 2090 κύκλον
1739 2035 1842 2104 τὴν

166 2125 302 2181 κατὰ
343 2128 514 2197 μῆκος
551 2125 804 2197 πάροδον
845 2129 923 2190 εἰς
960 2124 1026 2180 τὰ
1066 2124 1306 2196 ἑπόμενα
1337 2127 1448 2179 τῶν
1483 2127 1695 2197 ζῳδίων
1727 2142 1842 2177 ποι-

167 2215 435 2285 ουμένου,
481 2218 583 2270 τοῦ
631 2214 692 2269 δὲ
739 2211 966 2286 ἀστέρος
1013 2214 1099 2268 ἐπὶ
1141 2215 1242 2268 τοῦ
1282 2211 1580 2268 ἐπικύκλου
1618 2211 1742 2281 περὶ
1781 2207 1841 2263 τὸ

289 2378 332 2429 1)
370 2377 470 2421 Hoc
510 2375 753 2430 scholium,
802 2376 925 2432 quod
973 2375 1031 2418 ad
1072 2389 1188 2431 opus
1227 2373 1464 2431 Apollonii
1511 2374 1565 2417 de
1605 2372 1846 2429 principiis

168 2434 511 2480 mathematicis
543 2436 712 2480 referre
744 2449 837 2479 non
870 2433 1032 2478 dubito
1065 2459 1119 2466 -
1151 2447 1258 2477 nam
1290 2433 1359 2476 ibi
1399 2433 1494 2476 sine
1528 2432 1691 2486 dubio,
1729 2431 1849 2475 siout

170 2494 227 2537 de
259 2494 520 2550 axiomatis,
551 2493 622 2537 ita
654 2492 795 2538 etiam
829 2493 886 2536 de
920 2492 1264 2537 definitionibus
1298 2497 1344 2535 et
1375 2492 1431 2535 de
1463 2505 1574 2535 uera
1598 2489 1848 2534 definiendi

168 2551 348 2597 ratione
388 2553 708 2609 disputauerat
740 2579 816 2608 -‚
848 2565 1032 2595 mecum
1072 2551 1435 2595 communicauib
1472 2550 1527 2594 H.
1561 2550 1740 2606 Menge.
1775 2562 1848 2591 ex-

172 2613 265 2712 εἷατ
295 2612 342 2655 in
375 2611 508 2656 codd.
541 2611 668 2656 Vatia.
702 2626 769 2667 gr.
806 2616 890 2655 190
923 2612 970 2654 et
1002 2614 1088 2654 204
1121 2612 1168 2655 et
1199 2610 1248 2654 in
1279 2608 1848 2663 cod.Laur.28‚10‚ne

167 2682 198 2725 p
219 2684 335 2714 ures.

291 2820 329 2861 5.
381 2813 549 2860 τούτου
589 2815 696 2860 Vat.
734 2820 829 2862 190.
979 2811 1272 2864 Ἀπολλώνιος
1316 2813 1554 2857 Ἷα13.190.
1707 2812 1850 2882 φησίν

173 2874 279 2918 Vass.
315 2880 411 2920 190.
534 2872 663 2919 εἷναί
690 2888 805 2930 φησι
836 2873 944 2918 Vah.
974 2877 1072 2917 204.
1196 2871 1387 2922 τούτους
1419 2867 1526 2920 τοὺς
1558 2874 1680 2926 τρεῖς
1713 2866 1853 2926 ὅρους

169 2927 468 2977 Ἀπολλωνίου
502 2933 646 2988 φασὶν
681 2932 803 2976 εἶναι
834 2933 1065 2986 Lau1.28,
1095 2936 1162 2976 10.

1870 1255 1922 1293 10

1874 1695 1927 1735 15

1876 2135 1932 2175 20
