2046 3224
227 114 337 160 VIII
913 115 1266 160 PRAEFATIO.

232 237 358 306 272,
385 238 443 306 6,
484 236 609 307 352,
634 234 747 306 24).
810 239 892 289 est
921 236 1103 306 etiam,
1142 236 1238 290 ubi
1270 254 1507 290 errorem
1547 235 1767 290 subesse
1805 254 1926 306 per-

109 378 117 384 ,
231 326 483 396 spexerit,
524 326 616 379 sed
649 326 900 380 lacunam
931 326 1230 397 reliquerit,
1262 326 1390 396 quia
1421 325 1478 379 in
1503 343 1565 379 eo
1592 325 1928 380 emendando

228 434 422 485 parum
467 415 576 468 sibi
625 415 918 469 confideret
964 413 1045 485 (II
1091 434 1142 484 p.
1175 415 1301 485 244,
1343 415 1426 486 10,
1469 415 1561 485 13,
1617 414 1741 484 248,
1781 415 1830 486 6,
1869 416 1929 485 9,

230 505 355 574 322,
399 505 489 574 13,
539 504 632 558 cfr.
671 524 719 574 p.
756 505 878 574 182,
916 503 1037 575 25),
1089 503 1146 557 II
1188 524 1235 574 p.
1269 505 1394 574 296,
1434 505 1467 558 6
1509 504 1558 557 31
1597 504 1820 574 adcidit,
1866 508 1929 558 ut

229 611 330 663 pro
370 612 499 647 uera
539 594 807 664 scriptura
845 589 1082 664 ἡμέραν,
1130 613 1293 664 quam
1340 612 1450 648 non
1489 593 1777 654 intellexit,
1824 588 1928 663 ἡμε

233 685 492 754 sequente
524 684 720 736 lacuna
750 686 993 752 poneret.
1054 684 1190 738 locis
1221 701 1333 736 non
1362 683 1550 754 paucis
1575 682 1927 753 interpolatio

232 772 528 826 manifesta
583 775 687 842 est,
743 791 865 826 cum
922 775 1016 826 aut
1070 791 1308 826 errrores
1363 775 1507 827 recte
1563 771 1927 841 deprehensos

231 862 375 914 male
402 862 628 932 corrigit
659 859 739 934 (II
762 881 809 931 p.
831 862 956 932 200,
981 861 1077 931 25,
1109 863 1233 931 202,
1255 864 1349 931 21,
1383 863 1508 932 242,
1534 862 1590 931 5,
1624 862 1749 930 270,
1768 862 1817 930 7,
1838 862 1929 933 10,

231 950 358 1019 296,
390 951 484 1019 24,
526 952 650 1020 302,
687 952 778 1020 13,
820 951 946 1019 304,
982 953 1028 1020 1,
1055 952 1112 1022 8,
1152 952 1276 1019 306,
1307 953 1360 1020 7,
1402 952 1525 1018 308,
1550 952 1645 1020 26,
1684 951 1808 1020 326,
1836 952 1928 1021 13,

234 1040 362 1109 333,
398 1041 487 1109 143
530 1040 654 1105 342,
692 1041 781 1109 153
822 1040 946 1109 352,
978 1039 1036 1111 5)
1087 1044 1180 1093 aut
1226 1041 1548 1110 scripturam
1588 1026 1790 1094 bon'am
1832 1058 1930 1094 suo

233 1129 460 1182 arbitrio
494 1132 672 1183 mutat
705 1128 787 1198 (II
811 1149 861 1199 p.
893 1128 1012 1198 168,
1042 1130 1132 1198 12,
1170 1130 1291 1199 176,
1317 1130 1411 1201 24,
1446 1130 1571 1198 236,
1596 1131 1652 1200 3,
1684 1130 1812 1198 294,
1836 1129 1932 1199 23,

234 1218 361 1288 310,
387 1219 445 1288 2,
485 1219 578 1272 cfr.
614 1219 756 1288 quod
786 1218 843 1271 II
874 1239 923 1289 p.
950 1220 1075 1288 274,
1101 1221 1134 1273 3
1173 1218 1486 1288 γεναμένην
1525 1220 1582 1271 13
1619 1217 1931 1288 γενομένην

234 1307 478 1378 corrigit,
512 1311 566 1360 et
599 1308 742 1378 quod
773 1308 830 1361 in
860 1309 1028 1361 uerbo
1063 1303 1302 1378 εὑρίσκω
1337 1327 1550 1379 semper
1582 1308 1784 1363 formas
1815 1309 1931 1362 sine

233 1400 526 1466 augmento
551 1396 805 1466 praefert,
828 1396 950 1450 11.Ιῖ
974 1417 1023 1467 p.
1044 1398 1169 1466 292,
1196 1398 1288 1469 19,
1329 1398 1453 1467 294,
1479 1399 1527 1467 8,
1553 1398 1646 1465 23,
1684 1398 1808 1467 330,
1836 1397 1931 1467 12,

234 1484 360 1555 332,
404 1483 512 1557 12).
592 1485 646 1538 II
692 1505 742 1556 p.
787 1487 910 1555 194,
949 1487 1043 1556 26,
1092 1487 1217 1549 260,
1261 1489 1314 1556 1,
1361 1487 1486 1556 274,
1525 1487 1560 1540 5
1608 1505 1730 1540 cum
1770 1504 1931 1540 manu

231 1575 438 1628 recenti
479 1574 677 1628 codicis
720 1574 791 1627 W
832 1575 1125 1645 conspirat.

49 1681 266 1722 adparatus
346 1663 431 1717 Ex
468 1664 555 1717 1113
597 1663 847 1718 omnibus
889 1665 1147 1734 sequitur,
1185 1665 1240 1717 in
1273 1663 1507 1718 Eutocio
1548 1664 1753 1718 edendo
1793 1665 1933 1718 codi-

235 1770 351 1806 cem
395 1751 467 1806 W
508 1754 683 1807 solum
724 1756 998 1807 auctorem
1038 1754 1349 1808 habendum
1390 1772 1521 1808 esse.
1590 1755 1775 1824 itaque
1815 1754 1930 1807 eius

235 1842 628 1912 discrepantias
663 1861 848 1897 omnes
881 1843 938 1895 in
971 1843 1234 1912 adparatu
1268 1843 1455 1897 critico
1489 1843 1622 1896 dedi.
1683 1842 1777 1896 sed
1810 1860 1931 1896 cum

234 1951 271 2001 p
311 1934 399 1985 tot
438 1932 777 1985 coniecturas
816 1933 1016 2001 probas
1056 1933 1272 2002 habeat,
1311 1933 1424 1985 eius
1459 1950 1670 2002 quoque
1703 1932 1932 2002 scriptu-

232 2039 352 2074 ram
392 2021 609 2091 plenam
649 2021 841 2091 recepi,
880 2021 986 2074 nisi
1027 2022 1169 2091 quod
1212 2022 1276 2074 de
1315 2021 1507 2074 formis
1548 2021 1669 2075 ἐστί
1695 2025 1749 2075 et
1781 2019 1932 2074 ἐστίν

238 2109 381 2163 nihil
422 2110 704 2180 adnotaui3
758 2128 821 2163 ex
862 2111 1055 2164 ceteris
1089 2111 1363 2164 codicibus
1402 2129 1574 2180 pauca
1613 2113 1828 2164 tantum
1868 2110 1934 2162 de

218 2187 387 2253 'va
424 2200 630 2265 notaui,
669 2199 904 2269 reliquos
944 2218 1166 2268 prorsus
1205 2200 1434 2269 neglexi.

347 2288 463 2341 Iam
504 2288 568 2341 de
609 2306 804 2359 genere
844 2288 1043 2342 codicis
1075 2287 1149 2340 W
1188 2288 1482 2341 uideamus
1545 2287 1935 2341 commentaria

51 2393 222 2429 nauso-2
239 2376 460 2430 Eutocii
498 2377 556 2429 in
595 2395 656 2431 eo
699 2379 949 2446 excerpta
989 2395 1105 2430 esse
1153 2394 1180 2429 e
1221 2377 1402 2431 codice
1442 2375 1793 2446 Conicorum,
1838 2376 1933 2429 ubi

235 2466 293 2518 in
333 2466 581 2536 margine
623 2466 898 2535 adscripta
931 2468 1102 2536 erant,
1142 2466 1279 2519 sicut
1312 2467 1379 2518 ab
1412 2466 1569 2519 initio
1603 2465 1672 2518 ab
1696 2463 1933 2538 Eutocio

239 2554 551 2609 ordinatum
574 2554 766 2624 fuerat,
790 2555 933 2607 infra
951 2572 1237 2623 exponam,
1263 2554 1535 2624 margines
1553 2554 1714 2606 huius
1735 2553 1933 2606 codicis

236 2644 444 2697 laceros
484 2643 678 2713 fuisse,
725 2644 825 2697 sub
873 2644 1036 2696 finem
1075 2643 1330 2712 maxime,
1377 2643 1671 2696 ostendunt
1708 2642 1933 2695 lacunae

237 2711 506 2801 pluriinae
547 2733 614 2784 ab
654 2733 775 2801 ipso
816 2732 1040 2785 librario
1082 2732 1434 2801 significatae.

350 2825 632 2891 praeterea
680 2839 801 2874 eum
849 2821 1045 2873 litteris
1095 2821 1404 2874 uncialibus
1453 2820 1711 2889 scriptum
1751 2819 1935 2884 fuisse,

180 2922 188 2928 '
239 2910 468 2979 adparet
500 2928 562 2963 ex
596 2910 885 2979 erroribuS,
924 2910 1108 2978 quales
1143 2913 1269 2962 sunt
1300 2908 1353 2962 II
1375 2928 1427 2978 p.
1457 2909 1577 2974 174,
1601 2908 1671 2962 23
1703 2907 1933 2962 ΠΛΕΟΝ
