2046 3224
723 135 1185 183 PROLEGOMENA.
1677 134 1801 180 LVII

864 310 974 367 Cap.
1006 311 1063 355 II.

406 403 525 452 Quo
556 401 716 443 modo
748 401 906 443 nobis
936 400 1140 443 tradita
1173 401 1280 442 sint
1313 400 1528 445 Con-ica.

239 503 309 547 Ex
339 503 630 560 praefatione
661 501 806 558 ipsius
838 501 1077 559 Apollonii
1109 503 1169 546 ad
1199 502 1372 547 librum
1403 502 1424 546 I
1457 501 1691 560 discimus,
1732 512 1874 546 Conica
1891 516 1985 566 anto

120 582 228 615 eum
256 570 409 614 totum
442 583 557 626 opus
591 568 866 614 Conicorum
898 582 927 612 a
957 567 1187 626 principio
1219 568 1550 626 Alexandriae,
1593 569 1691 615 sine
1776 558 1985 591 Eutomum

122 634 265 680 dubio
299 636 565 680 scholarum
597 649 750 691 causa,
784 635 1094 692 composuisse
1127 637 1175 680 et
1206 634 1373 680 deinde
1410 649 1514 679 cum
1544 637 1802 682 mathema-

119 702 226 747 ticis
259 702 552 759 quibusdam,
585 702 666 758 qui
697 701 869 747 scholis
895 701 992 746 eius
1017 700 1283 746 interfuisse
1307 700 1537 759 uidentur,
1570 717 1594 748 e
1621 695 1803 748 schedis

124 767 219 814 suis
245 769 624 814 communicasse.
666 782 770 812 cum
786 767 855 813 ita
871 767 1107 825 diuulgati
1124 770 1342 825 coeptum
1359 771 1496 825 esset,
1523 783 1659 826 opere
1675 769 1802 814 festi-

121 835 311 880 nantius
357 835 518 892 paullo
565 834 627 880 ad
672 835 812 879 finem
858 835 1083 892 perducto
1129 848 1222 879 non
1261 836 1509 879 contentus
1550 836 1803 880 editionem

119 915 293 946 nouam
330 901 380 945 in
419 900 661 946 meliorem
701 902 909 946 ordinem
949 901 1190 946 redactam
1228 901 1454 958 instituit,
1496 902 1625 946 cuius
1663 902 1804 947 libros

28 970 29 973 ’
118 968 294 1026 primos
325 969 421 1012 tres
454 968 513 1011 ad
537 967 798 1012 Eudemum
822 968 1163 1025 Pergamenum
1191 967 1334 1024 misit,
1367 967 1570 1024 reliquos
1600 969 1804 1024 quinque

120 1035 180 1079 ad
217 1034 430 1079 Attalum
468 1034 683 1092 (fortasse
715 1032 930 1079 Attalum
968 1033 1171 1091 primum
1200 1046 1360 1090 regem
1392 1033 1645 1092 Pergami),
1686 1050 1731 1079 u.
1762 1035 1805 1077 II

120 1117 167 1159 p.
200 1106 241 1156 2,
274 1107 314 1147 3.
377 1100 538 1156 itaque
578 1100 740 1145 statim
779 1101 838 1146 ab
876 1100 1010 1145 initio
1042 1100 1166 1145 inter
1198 1100 1472 1146 Conicorum
1506 1101 1804 1158 exemplaria,

122 1181 243 1224 quae
274 1167 556 1224 ferebantur,
589 1166 907 1224 discrepantia
940 1167 1169 1223 quaedam
1202 1167 1412 1223 suberat,
1444 1167 1566 1211 sicut
1597 1167 1806 1222 queritur

122 1235 224 1291 ipse
254 1233 533 1291 Apollonius
566 1233 587 1276 I
617 1249 660 1290 p.
689 1238 731 1289 2,
763 1238 834 1289 21,
869 1235 918 1277 et
947 1233 1048 1278 fieri
1078 1234 1248 1290 potest,
1281 1235 1334 1277 ut
1364 1232 1474 1277 hinc
1504 1234 1681 1290 petitae
1713 1233 1806 1278 sint

124 1299 547 1346 demonstrationes
578 1301 688 1344 illae
722 1301 919 1352 alterae,
961 1314 1075 1355 quas
1105 1298 1328 1343 Eutocius
1360 1300 1410 1343 in
1441 1300 1535 1344 suis
1568 1299 1805 1344 codicibus

122 1366 304 1412 inuenit
335 1367 436 1423 (cfr.
462 1365 687 1411 Eutocius
718 1367 762 1410 II
791 1381 836 1422 p.
865 1370 962 1423 176,
992 1370 1043 1409 17
1063 1366 1166 1422 sq.).
1215 1366 1296 1410 sed
1327 1365 1449 1410 sicut
1471 1365 1665 1410 Eutocio
1699 1379 1804 1409 con-

123 1433 226 1479 cedi
256 1434 426 1490 potest,
459 1433 689 1488 quaedam
720 1433 917 1477 fortasse
949 1445 1005 1476 ex
1037 1430 1319 1475 editionibus
1351 1431 1585 1488 prioribus
1619 1432 1806 1476 seruata

122 1514 239 1557 esse,
269 1498 340 1544 ita
371 1498 578 1543 dubitari
607 1499 784 1554 nequit,
818 1497 929 1554 quin
962 1498 1109 1543 editio
1139 1497 1384 1555 recognita
1414 1497 1688 1551 inualuerit,
1719 1512 1805 1542 nec

121 1566 224 1612 ueri
261 1564 414 1611 simile
454 1566 549 1621 est,
590 1564 819 1610 editiones
858 1563 1038 1621 priores
1077 1577 1224 1620 usque
1263 1564 1324 1607 ad
1364 1565 1603 1608 saeculum
1635 1564 1699 1609 VI
1731 1577 1805 1608 ex-

124 1633 321 1688 stitisse3
359 1631 676 1688 praefationes
709 1631 833 1676 enim
867 1630 1154 1688 singulorum
1186 1629 1433 1687 librorum,
1466 1645 1607 1687 quae,
1640 1632 1693 1675 ut
1722 1645 1806 1687 per

124 1713 172 1744 se
204 1697 518 1755 intellegitur,
558 1696 776 1742 editionis
818 1697 1093 1742 emendatae
1132 1695 1349 1754 propriae
1391 1699 1543 1752 erant,
1582 1695 1805 1741 Eutocius

121 1766 172 1810 i‘n
203 1764 416 1810 omnibus
448 1762 686 1808 codicibus
717 1762 951 1808 inuenisse
982 1762 1182 1818 uidetur,
1216 1761 1435 1820 quoniam
1468 1763 1525 1806 de
1559 1764 1658 1807 solo
1682 1762 1805 1807 libro

122 1831 264 1877 tertio
297 1831 631 1875 commemorat
662 1830 722 1887 (II
753 1846 798 1887 p.
832 1834 931 1885 314,
964 1831 1115 1886 4sq.),
1159 1829 1339 1872 nullam
1369 1827 1436 1873 ibi
1467 1828 1805 1885 praefationem

123 1900 304 1943 exstare
337 1897 456 1942 sicut
485 1896 534 1940 in
567 1896 799 1954 ceteris.*)
861 1896 942 1940 sed
971 1895 1060 1940 hoc
1094 1895 1281 1952 quidem
1313 1895 1358 1939 ei
1389 1895 1690 1949 credendum,
1731 1908 1806 1940 co-

124 1964 252 2009 dices
285 1962 584 2019 Conicorum,
627 1976 743 2018 quos
774 1962 1014 2018 habuerit,
1053 1961 1178 2006 haud
1208 1961 1377 2006 leuiter
1414 1960 1539 2006 inter
1570 1975 1617 2005 se
1648 1960 1698 2003 in
1729 1961 1804 2004 de-

122 2028 540 2075 monstrationibus
572 2028 884 2085 discrepasse,
928 2028 1026 2072 siue
1058 2029 1174 2072 haec
1206 2026 1522 2083 discrepantia
1554 2040 1610 2071 ex
1641 2026 1804 2071 editio-

123 2096 260 2142 nibus
290 2095 523 2153 prioribus
553 2095 741 2152 irrepsit
772 2094 892 2150 siue,
925 2094 1048 2150 quod
1079 2094 1180 2138 ueri
1214 2093 1410 2138 similius
1442 2095 1535 2148 est,
1566 2092 1803 2150 magistris

124 2163 341 2218 debetur,
380 2161 460 2218 qui
489 2162 609 2205 libro
643 2159 878 2218 Apollonii
909 2160 957 2204 in
989 2159 1196 2204 docendo
1228 2160 1498 2215 utebantur,
1540 2173 1632 2216 quo
1664 2159 1803 2203 modo

122 2229 173 2273 in
213 2227 450 2273 codicibus
489 2227 770 2283 reliquorum
807 2225 1245 2271 mathematicorum
1291 2228 1420 2270 ortae
1470 2228 1576 2270 sunt
1614 2226 1803 2269 demon-

125 2294 372 2339 strationes
405 2294 593 2340 alterae.
1533 2347 1538 2351 ,

243 2374 299 2404 ex
329 2359 402 2404 his
434 2359 671 2404 codicibus
702 2358 926 2403 Eutocius
959 2373 1091 2403 suam
1120 2358 1346 2402 librorum
1372 2357 1518 2402 I—IV
1550 2356 1803 2402 editionem
1847 2372 1971 2405 editio

126 2426 443 2480 concinnauit3
493 2426 549 2470 de
588 2424 716 2470 cuius
754 2425 933 2470 ratione
973 2424 1192 2480 quoniam
1233 2423 1311 2480 egi
1350 2424 1481 2468 Neue
1512 2423 1804 2468 Jahrbsioher
1826 2416 1987 2451 Eutocii

124 2493 198 2536 fiir
229 2492 490 2548 Philologie
523 2491 761 2549 Supplem.
792 2490 855 2534 XI
886 2506 931 2548 p.
966 2495 1050 2534 360
1068 2506 1149 2547 sq.,
1180 2504 1303 2534 nunc
1335 2490 1423 2534 hoc
1454 2492 1637 2534 tantum
1668 2490 1804 2547 addo,

125 2557 382 2603 editionem
414 2558 512 2601 eius
544 2557 613 2602 ita
644 2559 961 2613 comparatam
992 2556 1134 2601 fuisse
1166 2556 1336 2612 uideri,
1377 2557 1430 2600 ut
1460 2555 1509 2600 in
1540 2556 1695 2600 media
1725 2569 1804 2613 pa-

245 2727 290 2783 *)
329 2727 495 2770 Utrum
533 2726 764 2782 praefatio
787 2725 898 2770 libri
928 2725 1059 2770 tertii
1090 2724 1398 2779 interciderit,
1439 2738 1498 2768 an
1528 2723 1803 2780 Apollonius

129 2784 314 2828 omnino
355 2785 531 2828 nullam
561 2784 874 2842 praemiserit,
917 2785 1109 2828 dubium
1142 2787 1234 2839 est,
1275 2782 1493 2838 equidem
1524 2796 1619 2826 non
1648 2781 1803 2838 uideo,

128 2858 208 2887 cur
238 2843 445 2887 Eudemo
484 2843 606 2887 hunc
644 2843 815 2887 librum
859 2843 955 2887 sine
995 2842 1198 2900 epistula
1235 2842 1421 2885 mittere
1459 2854 1550 2885 non
1581 2839 1804 2897 potuerit,

127 2915 233 2946 cum
265 2914 430 2946 nomen
462 2901 558 2945 eius
593 2901 771 2946 duobus
803 2901 1035 2958 prioribus
1067 2900 1321 2958 praefixum
1355 2901 1491 2945 esset.
