<?xml version="1.0" encoding="UTF-8"?>
<!DOCTYPE html PUBLIC "-//W3C//DTD XHTML 1.0 Transitional//EN"
    "http://www.w3.org/TR/xhtml1/DTD/xhtml1-transitional.dtd">
<html xmlns="http://www.w3.org/1999/xhtml" xml:lang="en" lang="en">
 <head>
  <title>
</title>
<meta http-equiv="Content-Type" content="text/html;charset=utf-8" />
  <meta name='ocr-system' content='tesseract 3.04.00' />
  <meta name='ocr-capabilities' content='ocr_page ocr_carea ocr_par ocr_line ocrx_word'/>
</head>
<body>
  <div class='ocr_page' id='page_1' title='image "apolloniipergaei02apoluoft_0292.png"; bbox 0 0 2046 3256; ppageno 0'>
   <div class='ocr_carea' id='block_1_1' title="bbox 166 659 192 698">
    <p class='ocr_par' dir='ltr' id='par_1_1' title="bbox 166 659 192 698">
     <span class='ocr_line' id='line_1_1' title="bbox 166 659 192 698; baseline 0 0"><span class='ocrx_word' id='word_1_1' title='bbox 166 659 192 698; x_wconf 89' lang='lat'><strong>5</strong></span> 
     </span>
    </p>
   </div>
   <div class='ocr_carea' id='block_1_2' title="bbox 141 1103 196 1143">
    <p class='ocr_par' dir='ltr' id='par_1_2' title="bbox 141 1103 196 1143">
     <span class='ocr_line' id='line_1_2' title="bbox 141 1103 196 1143; baseline 0 0"><span class='ocrx_word' id='word_1_2' title='bbox 141 1103 196 1143; x_wconf 92' lang='lat'><strong><em>10</em></strong></span> 
     </span>
    </p>
   </div>
   <div class='ocr_carea' id='block_1_3' title="bbox 138 1549 191 1589">
    <p class='ocr_par' dir='ltr' id='par_1_3' title="bbox 138 1549 191 1589">
     <span class='ocr_line' id='line_1_3' title="bbox 138 1549 191 1589; baseline 0.019 -1"><span class='ocrx_word' id='word_1_3' title='bbox 138 1549 191 1589; x_wconf 86' lang='lat'><strong><em>15</em></strong></span> 
     </span>
    </p>
   </div>
   <div class='ocr_carea' id='block_1_4' title="bbox 134 1993 192 2034">
    <p class='ocr_par' dir='ltr' id='par_1_4' title="bbox 134 1993 192 2034">
     <span class='ocr_line' id='line_1_4' title="bbox 134 1993 192 2034; baseline 0 0"><span class='ocrx_word' id='word_1_4' title='bbox 134 1993 192 2034; x_wconf 79' lang='lat'><strong><em>20</em></strong></span> 
     </span>
    </p>
   </div>
   <div class='ocr_carea' id='block_1_5' title="bbox 137 2437 194 2477">
    <p class='ocr_par' dir='ltr' id='par_1_5' title="bbox 137 2437 194 2477">
     <span class='ocr_line' id='line_1_5' title="bbox 137 2437 194 2477; baseline -0.018 0"><span class='ocrx_word' id='word_1_5' title='bbox 137 2437 194 2477; x_wconf 82' lang='lat'><strong><em>25</em></strong></span> 
     </span>
    </p>
   </div>
   <div class='ocr_carea' id='block_1_6' title="bbox 227 169 1453 228">
    <p class='ocr_par' dir='ltr' id='par_1_6' title="bbox 227 169 1453 228">
     <span class='ocr_line' id='line_1_6' title="bbox 227 169 1453 228; baseline 0.003 -13"><span class='ocrx_word' id='word_1_6' title='bbox 227 169 338 223; x_wconf 82' lang='lat'><strong><em>200</em></strong></span> <span class='ocrx_word' id='word_1_7' title='bbox 700 172 1141 216; x_wconf 80' lang='lat' dir='ltr'><strong>COMMENTARIA</strong></span> <span class='ocrx_word' id='word_1_8' title='bbox 1171 174 1453 228; x_wconf 80' lang='lat' dir='ltr'><strong>ANTIQUA.</strong></span> 
     </span>
    </p>
   </div>
   <div class='ocr_carea' id='block_1_7' title="bbox 223 283 1935 2768">
    <p class='ocr_par' dir='ltr' id='par_1_7' title="bbox 223 283 1935 2768">
     <span class='ocr_line' id='line_1_7' title="bbox 226 283 1928 372; baseline 0.004 -27"><span class='ocrx_word' id='word_1_9' title='bbox 226 292 324 357; x_wconf 84' lang='grc' dir='ltr'><strong><em>τῆς</em></strong></span> <span class='ocrx_word' id='word_1_10' title='bbox 365 293 631 360; x_wconf 81' lang='grc' dir='ltr'><em>σφαίρας·</em></span> <span class='ocrx_word' id='word_1_11' title='bbox 674 283 838 346; x_wconf 86' lang='grc' dir='ltr'><strong><em>αὗται</em></strong></span> <span class='ocrx_word' id='word_1_12' title='bbox 875 288 983 362; x_wconf 82' lang='grc' dir='ltr'><strong><em>γὰρ</em></strong></span> <span class='ocrx_word' id='word_1_13' title='bbox 1026 288 1127 347; x_wconf 80' lang='grc' dir='ltr'><strong><em>οὐκ</em></strong></span> <span class='ocrx_word' id='word_1_14' title='bbox 1167 292 1311 348; x_wconf 82' lang='grc' dir='ltr'><strong><em>εἰσὶν</em></strong></span> <span class='ocrx_word' id='word_1_15' title='bbox 1352 294 1412 348; x_wconf 80' lang='grc' dir='ltr'><strong><em>ἐν</em></strong></span> <span class='ocrx_word' id='word_1_16' title='bbox 1454 293 1538 349; x_wconf 80' lang='grc' dir='ltr'><strong><em>ἑνὶ</em></strong></span> <span class='ocrx_word' id='word_1_17' title='bbox 1579 296 1832 372; x_wconf 76' lang='grc' dir='ltr'><strong><em>ἐπιπέδῳ.</em></strong></span> <span class='ocrx_word' id='word_1_18' title='bbox 1897 293 1928 352; x_wconf 75' lang='grc'><strong>3</strong></span> 
     </span>
     <span class='ocr_line' id='line_1_8' title="bbox 227 377 1926 457; baseline 0.004 -24"><span class='ocrx_word' id='word_1_19' title='bbox 227 377 289 434; x_wconf 75' lang='grc' dir='ltr'><strong><em>δὲ</em></strong></span> <span class='ocrx_word' id='word_1_20' title='bbox 345 380 515 450; x_wconf 90' lang='grc' dir='ltr'><strong><em>λέγει,</em></strong></span> <span class='ocrx_word' id='word_1_21' title='bbox 569 380 832 435; x_wconf 85' lang='grc' dir='ltr'><strong><em>τοιοῦτόν</em></strong></span> <span class='ocrx_word' id='word_1_22' title='bbox 888 381 1063 435; x_wconf 82' lang='grc' dir='ltr'><strong><em>ἐστιν·</em></strong></span> <span class='ocrx_word' id='word_1_23' title='bbox 1119 384 1257 437; x_wconf 82' lang='grc' dir='ltr'><em>ἔστω</em></span> <span class='ocrx_word' id='word_1_24' title='bbox 1313 381 1573 454; x_wconf 84' lang='grc' dir='ltr'><strong><em>καμπύλη</em></strong></span> <span class='ocrx_word' id='word_1_25' title='bbox 1620 383 1845 457; x_wconf 86' lang='grc' dir='ltr'><strong><em>γραμμὴ</em></strong></span> <span class='ocrx_word' id='word_1_26' title='bbox 1891 381 1926 456; x_wconf 79' lang='grc' dir='ltr'>ἡ</span> 
     </span>
     <span class='ocr_line' id='line_1_9' title="bbox 225 465 1929 544; baseline 0.004 -22"><span class='ocrx_word' id='word_1_27' title='bbox 225 472 401 522; x_wconf 90' lang='grc' dir='ltr'><strong><em>ΑΒΓ</em></strong></span> <span class='ocrx_word' id='word_1_28' title='bbox 438 468 527 523; x_wconf 85' lang='grc' dir='ltr'><strong><em>καὶ</em></strong></span> <span class='ocrx_word' id='word_1_29' title='bbox 579 470 641 524; x_wconf 81' lang='grc' dir='ltr'><strong><em>ἐν</em></strong></span> <span class='ocrx_word' id='word_1_30' title='bbox 690 465 830 542; x_wconf 80' lang='grc' dir='ltr'><strong><em>αὐτῇ</em></strong></span> <span class='ocrx_word' id='word_1_31' title='bbox 876 467 1101 525; x_wconf 79' lang='grc' dir='ltr'><strong><em>εὐθεῖαί</em></strong></span> <span class='ocrx_word' id='word_1_32' title='bbox 1133 492 1281 536; x_wconf 86' lang='grc' dir='ltr'><strong><em>τινες</em></strong></span> <span class='ocrx_word' id='word_1_33' title='bbox 1319 470 1667 543; x_wconf 79' lang='grc' dir='ltr'><strong><em>παράλληλοι</em></strong></span> <span class='ocrx_word' id='word_1_34' title='bbox 1707 477 1770 528; x_wconf 77' lang='grc' dir='ltr'><strong><em>αἰ</em></strong></span> <span class='ocrx_word' id='word_1_35' title='bbox 1803 481 1855 529; x_wconf 84' lang='lat' dir='ltr'><em>A</em></span> <span class='ocrx_word' id='word_1_36' title='bbox 1866 477 1929 544; x_wconf 94' lang='grc' dir='ltr'>Γ,</span> 
     </span>
     <span class='ocr_line' id='line_1_10' title="bbox 228 557 1929 633; baseline 0.005 -23"><span class='ocrx_word' id='word_1_37' title='bbox 228 562 357 626; x_wconf 89' lang='grc' dir='ltr'>ΔΕ,</span> <span class='ocrx_word' id='word_1_38' title='bbox 398 562 527 627; x_wconf 97' lang='grc' dir='ltr'>ΖΗ,</span> <span class='ocrx_word' id='word_1_39' title='bbox 570 562 698 628; x_wconf 81' lang='grc' dir='ltr'>ΘΚ,</span> <span class='ocrx_word' id='word_1_40' title='bbox 737 557 830 613; x_wconf 84' lang='grc' dir='ltr'><strong><em>καὶ</em></strong></span> <span class='ocrx_word' id='word_1_41' title='bbox 867 557 1087 630; x_wconf 80' lang='grc' dir='ltr'><em>διήχθω</em></span> <span class='ocrx_word' id='word_1_42' title='bbox 1127 558 1236 615; x_wconf 82' lang='grc' dir='ltr'><strong><em>ἀπὸ</em></strong></span> <span class='ocrx_word' id='word_1_43' title='bbox 1275 563 1378 616; x_wconf 82' lang='grc' dir='ltr'><strong><em>τοῦ</em></strong></span> <span class='ocrx_word' id='word_1_44' title='bbox 1417 566 1464 615; x_wconf 89' lang='grc' dir='ltr'><strong><em>Β</em></strong></span> <span class='ocrx_word' id='word_1_45' title='bbox 1505 557 1702 617; x_wconf 78' lang='grc' dir='ltr'><strong><em>εὐθεῖα</em></strong></span> <span class='ocrx_word' id='word_1_46' title='bbox 1741 560 1776 633; x_wconf 84' lang='grc' dir='ltr'><em>ἡ</em></span> <span class='ocrx_word' id='word_1_47' title='bbox 1816 567 1929 617; x_wconf 92' lang='grc' dir='ltr'><strong><em>ΒΛ</em></strong></span> 
     </span>
     <span class='ocr_line' id='line_1_11' title="bbox 227 641 1930 724; baseline 0.004 -24"><span class='ocrx_word' id='word_1_48' title='bbox 227 649 354 717; x_wconf 82' lang='grc' dir='ltr'><strong><em>δίχα</em></strong></span> <span class='ocrx_word' id='word_1_49' title='bbox 388 644 559 712; x_wconf 82' lang='grc' dir='ltr'><strong><em>αὐτὰς</em></strong></span> <span class='ocrx_word' id='word_1_50' title='bbox 589 647 884 718; x_wconf 85' lang='grc' dir='ltr'><strong><em>τέμνουσα.</em></strong></span> <span class='ocrx_word' id='word_1_51' title='bbox 948 648 1124 718; x_wconf 84' lang='grc' dir='ltr'><strong><em>φησὶν</em></strong></span> <span class='ocrx_word' id='word_1_52' title='bbox 1158 641 1282 719; x_wconf 77' lang='grc' dir='ltr'><strong><em>οὖν,</em></strong></span> <span class='ocrx_word' id='word_1_53' title='bbox 1318 646 1402 704; x_wconf 81' lang='grc' dir='ltr'><strong><em>ὅτι</em></strong></span> <span class='ocrx_word' id='word_1_54' title='bbox 1433 652 1531 721; x_wconf 85' lang='grc' dir='ltr'><strong><em>τῆς</em></strong></span> <span class='ocrx_word' id='word_1_55' title='bbox 1562 655 1736 705; x_wconf 89' lang='grc' dir='ltr'><strong><em>ΑΒΓ</em></strong></span> <span class='ocrx_word' id='word_1_56' title='bbox 1759 673 1930 724; x_wconf 84' lang='grc' dir='ltr'><strong><em>γραμ-</em></strong></span> 
     </span>
     <span class='ocr_line' id='line_1_12' title="bbox 225 734 1932 810; baseline 0.003 -20"><span class='ocrx_word' id='word_1_57' title='bbox 225 738 329 806; x_wconf 89' lang='grc' dir='ltr'><strong><em>μῆς</em></strong></span> <span class='ocrx_word' id='word_1_58' title='bbox 367 735 671 808; x_wconf 78' lang='grc' dir='ltr'><strong><em>διάμετρον</em></strong></span> <span class='ocrx_word' id='word_1_59' title='bbox 711 735 813 807; x_wconf 76' lang='grc' dir='ltr'><strong><em>μὲν</em></strong></span> <span class='ocrx_word' id='word_1_60' title='bbox 852 742 1003 791; x_wconf 79' lang='grc' dir='ltr'><strong><em>καλῶ</em></strong></span> <span class='ocrx_word' id='word_1_61' title='bbox 1045 734 1148 807; x_wconf 80' lang='grc' dir='ltr'><strong><em>τὴν</em></strong></span> <span class='ocrx_word' id='word_1_62' title='bbox 1188 742 1323 808; x_wconf 91' lang='grc' dir='ltr'><strong><em>ΒΛ,</em></strong></span> <span class='ocrx_word' id='word_1_63' title='bbox 1362 739 1624 810; x_wconf 85' lang='grc' dir='ltr'><strong><em>κορυφὴν</em></strong></span> <span class='ocrx_word' id='word_1_64' title='bbox 1664 738 1727 794; x_wconf 78' lang='grc' dir='ltr'><strong><em>δὲ</em></strong></span> <span class='ocrx_word' id='word_1_65' title='bbox 1763 742 1826 795; x_wconf 91' lang='grc' dir='ltr'><strong><em>τὸ</em></strong></span> <span class='ocrx_word' id='word_1_66' title='bbox 1866 745 1932 808; x_wconf 86' lang='grc' dir='ltr'><strong><em>Β,</em></strong></span> 
     </span>
     <span class='ocr_line' id='line_1_13' title="bbox 224 823 1931 899; baseline 0.002 -20"><span class='ocrx_word' id='word_1_67' title='bbox 224 825 568 896; x_wconf 79' lang='grc' dir='ltr'><strong><em>τεταγμένως</em></strong></span> <span class='ocrx_word' id='word_1_68' title='bbox 625 824 686 880; x_wconf 78' lang='grc' dir='ltr'><strong><em>δὲ</em></strong></span> <span class='ocrx_word' id='word_1_69' title='bbox 741 825 829 881; x_wconf 82' lang='grc' dir='ltr'><strong><em>ἐπὶ</em></strong></span> <span class='ocrx_word' id='word_1_70' title='bbox 882 823 986 896; x_wconf 88' lang='grc' dir='ltr'><strong><em>τὴν</em></strong></span> <span class='ocrx_word' id='word_1_71' title='bbox 1035 831 1143 880; x_wconf 92' lang='grc' dir='ltr'><strong><em>ΒΛ</em></strong></span> <span class='ocrx_word' id='word_1_72' title='bbox 1199 834 1477 899; x_wconf 83' lang='grc' dir='ltr'><strong><em>κατῆχθαι</em></strong></span> <span class='ocrx_word' id='word_1_73' title='bbox 1530 827 1768 899; x_wconf 81' lang='grc' dir='ltr'><strong><em>ἑκάστην</em></strong></span> <span class='ocrx_word' id='word_1_74' title='bbox 1814 831 1931 885; x_wconf 76' lang='grc' dir='ltr'><strong><em>τῶν</em></strong></span> 
     </span>
     <span class='ocr_line' id='line_1_14' title="bbox 226 912 1932 989; baseline 0.003 -21"><span class='ocrx_word' id='word_1_75' title='bbox 226 918 358 983; x_wconf 91' lang='grc' dir='ltr'>ΑΓ,</span> <span class='ocrx_word' id='word_1_76' title='bbox 408 920 545 985; x_wconf 90' lang='grc' dir='ltr'>ΔΕ,</span> <span class='ocrx_word' id='word_1_77' title='bbox 598 920 731 985; x_wconf 93' lang='grc' dir='ltr'>ΖΗ,</span> <span class='ocrx_word' id='word_1_78' title='bbox 779 919 905 970; x_wconf 80' lang='grc' dir='ltr'><strong><em>ΘΚ.</em></strong></span> <span class='ocrx_word' id='word_1_79' title='bbox 992 918 1043 969; x_wconf 86' lang='grc' dir='ltr'><strong><em>εἰ</em></strong></span> <span class='ocrx_word' id='word_1_80' title='bbox 1098 914 1159 970; x_wconf 77' lang='grc' dir='ltr'><strong><em>δὲ</em></strong></span> <span class='ocrx_word' id='word_1_81' title='bbox 1213 912 1246 986; x_wconf 84' lang='grc' dir='ltr'><em>ἡ</em></span> <span class='ocrx_word' id='word_1_82' title='bbox 1301 922 1410 971; x_wconf 91' lang='grc' dir='ltr'><strong><em>ΒΛ</em></strong></span> <span class='ocrx_word' id='word_1_83' title='bbox 1466 919 1593 988; x_wconf 79' lang='grc' dir='ltr'><strong><em>δίχα</em></strong></span> <span class='ocrx_word' id='word_1_84' title='bbox 1646 916 1740 973; x_wconf 83' lang='grc' dir='ltr'><strong><em>καὶ</em></strong></span> <span class='ocrx_word' id='word_1_85' title='bbox 1793 920 1932 989; x_wconf 89' lang='grc' dir='ltr'><strong><em>πρὸς</em></strong></span> 
     </span>
     <span class='ocr_line' id='line_1_15' title="bbox 230 999 1713 1075; baseline 0.003 -18"><span class='ocrx_word' id='word_1_86' title='bbox 230 999 409 1075; x_wconf 81' lang='grc' dir='ltr'><strong><em>ὀρθὰς</em></strong></span> <span class='ocrx_word' id='word_1_87' title='bbox 447 1004 632 1074; x_wconf 82' lang='grc' dir='ltr'><strong><em>τέμνει</em></strong></span> <span class='ocrx_word' id='word_1_88' title='bbox 670 1001 767 1068; x_wconf 83' lang='grc' dir='ltr'><strong><em>τὰς</em></strong></span> <span class='ocrx_word' id='word_1_89' title='bbox 806 1003 1222 1075; x_wconf 79' lang='grc' dir='ltr'><strong><em>παραλλήλους,</em></strong></span> <span class='ocrx_word' id='word_1_90' title='bbox 1264 1002 1413 1072; x_wconf 82' lang='grc' dir='ltr'><strong><em>ἄξων</em></strong></span> <span class='ocrx_word' id='word_1_91' title='bbox 1451 1012 1713 1062; x_wconf 81' lang='grc' dir='ltr'><strong><em>καλεῖται.</em></strong></span> 
     </span>
     <span class='ocr_line' id='line_1_16' title="bbox 333 1090 1931 1167; baseline 0.001 -20"><span class='ocrx_word' id='word_1_92' title='bbox 333 1090 603 1164; x_wconf 81' lang='grc' dir='ltr'><strong><em>Ὁμοίως</em></strong></span> <span class='ocrx_word' id='word_1_93' title='bbox 645 1092 714 1148; x_wconf 77' lang='grc' dir='ltr'><strong><em>δὲ</em></strong></span> <span class='ocrx_word' id='word_1_94' title='bbox 753 1092 861 1147; x_wconf 88' lang='grc' dir='ltr'><strong><em>καὶ</em></strong></span> <span class='ocrx_word' id='word_1_95' title='bbox 904 1091 1022 1147; x_wconf 84' lang='grc' dir='ltr'><strong><em>δύο</em></strong></span> <span class='ocrx_word' id='word_1_96' title='bbox 1063 1094 1419 1163; x_wconf 84' lang='grc' dir='ltr'><strong><em>καμπύλων</em></strong></span> <span class='ocrx_word' id='word_1_97' title='bbox 1464 1098 1783 1167; x_wconf 77' lang='grc' dir='ltr'><strong><em>γραμμῶν</em></strong></span> <span class='ocrx_word' id='word_1_98' title='bbox 1823 1094 1931 1150; x_wconf 81' lang='grc' dir='ltr'><strong><em>καὶ</em></strong></span> 
     </span>
     <span class='ocr_line' id='line_1_17' title="bbox 225 1179 1931 1256; baseline 0.002 -20"><span class='ocrx_word' id='word_1_99' title='bbox 225 1180 298 1236; x_wconf 85' lang='grc' dir='ltr'><strong><em>τὰ</em></strong></span> <span class='ocrx_word' id='word_1_100' title='bbox 343 1181 502 1252; x_wconf 81' lang='grc' dir='ltr'><strong><em>ἑξῆς.</em></strong></span> <span class='ocrx_word' id='word_1_101' title='bbox 581 1179 679 1237; x_wconf 77' lang='grc' dir='ltr'><strong><em>ἐὰν</em></strong></span> <span class='ocrx_word' id='word_1_102' title='bbox 719 1180 827 1254; x_wconf 80' lang='grc' dir='ltr'><strong><em>γὰρ</em></strong></span> <span class='ocrx_word' id='word_1_103' title='bbox 869 1180 1164 1252; x_wconf 85' lang='grc' dir='ltr'><strong><em>νοήσωμεν</em></strong></span> <span class='ocrx_word' id='word_1_104' title='bbox 1202 1180 1298 1247; x_wconf 80' lang='grc' dir='ltr'><strong><em>τὰς</em></strong></span> <span class='ocrx_word' id='word_1_105' title='bbox 1337 1189 1415 1252; x_wconf 92' lang='grc' dir='ltr'>Α,</span> <span class='ocrx_word' id='word_1_106' title='bbox 1457 1189 1503 1237; x_wconf 92' lang='grc' dir='ltr'><strong><em>Β</em></strong></span> <span class='ocrx_word' id='word_1_107' title='bbox 1542 1182 1800 1256; x_wconf 81' lang='grc' dir='ltr'><strong><em>γραμμὰς</em></strong></span> <span class='ocrx_word' id='word_1_108' title='bbox 1837 1183 1931 1239; x_wconf 82' lang='grc' dir='ltr'><strong><em>καὶ</em></strong></span> 
     </span>
     <span class='ocr_line' id='line_1_18' title="bbox 224 1268 1929 1345; baseline 0.002 -20"><span class='ocrx_word' id='word_1_109' title='bbox 224 1268 287 1325; x_wconf 78' lang='grc' dir='ltr'><strong><em>ἐν</em></strong></span> <span class='ocrx_word' id='word_1_110' title='bbox 329 1268 523 1335; x_wconf 80' lang='grc' dir='ltr'><strong><em>αὐταῖς</em></strong></span> <span class='ocrx_word' id='word_1_111' title='bbox 561 1269 658 1335; x_wconf 81' lang='grc' dir='ltr'><strong><em>τὰς</em></strong></span> <span class='ocrx_word' id='word_1_112' title='bbox 697 1274 832 1339; x_wconf 93' lang='grc' dir='ltr'>ΓΔ,</span> <span class='ocrx_word' id='word_1_113' title='bbox 871 1276 1002 1340; x_wconf 89' lang='grc' dir='ltr'><strong><em>ΕΖ,</em></strong></span> <span class='ocrx_word' id='word_1_114' title='bbox 1042 1275 1174 1340; x_wconf 83' lang='grc' dir='ltr'>ΗΘ,</span> <span class='ocrx_word' id='word_1_115' title='bbox 1215 1276 1349 1341; x_wconf 90' lang='grc' dir='ltr'>ΚΛ,</span> <span class='ocrx_word' id='word_1_116' title='bbox 1394 1277 1539 1342; x_wconf 88' lang='grc' dir='ltr'><strong><em>ΜΝ,</em></strong></span> <span class='ocrx_word' id='word_1_117' title='bbox 1579 1273 1684 1335; x_wconf 80' lang='grc' dir='ltr'><strong><em>ΞΟ</em></strong></span> <span class='ocrx_word' id='word_1_118' title='bbox 1722 1278 1929 1345; x_wconf 89' lang='grc' dir='ltr'><strong><em>παραλ-</em></strong></span> 
     </span>
     <span class='ocr_line' id='line_1_19' title="bbox 225 1356 1929 1433; baseline 0.001 -18"><span class='ocrx_word' id='word_1_119' title='bbox 225 1360 428 1430; x_wconf 84' lang='grc' dir='ltr'><strong><em>λήλους</em></strong></span> <span class='ocrx_word' id='word_1_120' title='bbox 474 1359 567 1414; x_wconf 88' lang='grc' dir='ltr'><strong><em>καὶ</em></strong></span> <span class='ocrx_word' id='word_1_121' title='bbox 614 1357 718 1430; x_wconf 79' lang='grc' dir='ltr'><strong><em>τὴν</em></strong></span> <span class='ocrx_word' id='word_1_122' title='bbox 759 1364 868 1413; x_wconf 87' lang='grc' dir='ltr'><strong><em>ΑΒ</em></strong></span> <span class='ocrx_word' id='word_1_123' title='bbox 910 1359 1220 1429; x_wconf 80' lang='grc' dir='ltr'><strong><em>ὃιηγμένην</em></strong></span> <span class='ocrx_word' id='word_1_124' title='bbox 1268 1356 1357 1430; x_wconf 76' lang='grc' dir='ltr'><strong><em>ἐφ’</em></strong></span> <span class='ocrx_word' id='word_1_125' title='bbox 1407 1358 1637 1433; x_wconf 77' lang='grc' dir='ltr'><strong><em>ἑκάτερα</em></strong></span> <span class='ocrx_word' id='word_1_126' title='bbox 1675 1361 1766 1416; x_wconf 87' lang='grc' dir='ltr'><strong><em>καὶ</em></strong></span> <span class='ocrx_word' id='word_1_127' title='bbox 1806 1362 1929 1432; x_wconf 89' lang='grc' dir='ltr'><strong><em>τέμ-</em></strong></span> 
     </span>
     <span class='ocr_line' id='line_1_20' title="bbox 224 1446 1928 1520; baseline 0.001 -16"><span class='ocrx_word' id='word_1_128' title='bbox 224 1465 440 1504; x_wconf 92' lang='grc' dir='ltr'><strong><em>νουσαν</em></strong></span> <span class='ocrx_word' id='word_1_129' title='bbox 493 1449 591 1513; x_wconf 79' lang='grc' dir='ltr'><strong><em>τὰς</em></strong></span> <span class='ocrx_word' id='word_1_130' title='bbox 645 1446 1038 1518; x_wconf 79' lang='grc' dir='ltr'><strong><em>παραλλήλους</em></strong></span> <span class='ocrx_word' id='word_1_131' title='bbox 1090 1449 1243 1517; x_wconf 82' lang='grc' dir='ltr'><strong><em>δίχα,</em></strong></span> <span class='ocrx_word' id='word_1_132' title='bbox 1298 1449 1401 1518; x_wconf 84' lang='grc' dir='ltr'><strong><em>τὴν</em></strong></span> <span class='ocrx_word' id='word_1_133' title='bbox 1449 1446 1553 1519; x_wconf 75' lang='grc' dir='ltr'><strong><em>μὲν</em></strong></span> <span class='ocrx_word' id='word_1_134' title='bbox 1599 1453 1708 1503; x_wconf 90' lang='lat' dir='ltr'><strong><em>AB</em></strong></span> <span class='ocrx_word' id='word_1_135' title='bbox 1756 1452 1928 1520; x_wconf 74' lang='grc' dir='ltr'><strong><em>καλῶ,</em></strong></span> 
     </span>
     <span class='ocr_line' id='line_1_21' title="bbox 225 1534 1929 1610; baseline 0.001 -18"><span class='ocrx_word' id='word_1_136' title='bbox 225 1542 419 1609; x_wconf 85' lang='grc' dir='ltr'><strong><em>φησίν,</em></strong></span> <span class='ocrx_word' id='word_1_137' title='bbox 458 1540 701 1608; x_wconf 90' lang='grc' dir='ltr'><strong><em>πλαγίαν</em></strong></span> <span class='ocrx_word' id='word_1_138' title='bbox 742 1534 1064 1606; x_wconf 77' lang='grc' dir='ltr'><strong><em>διάμετρον,</em></strong></span> <span class='ocrx_word' id='word_1_139' title='bbox 1103 1536 1360 1607; x_wconf 83' lang='grc' dir='ltr'><strong><em>κορυφὰς</em></strong></span> <span class='ocrx_word' id='word_1_140' title='bbox 1400 1534 1463 1591; x_wconf 79' lang='grc' dir='ltr'><strong><em>δὲ</em></strong></span> <span class='ocrx_word' id='word_1_141' title='bbox 1501 1539 1616 1592; x_wconf 76' lang='grc' dir='ltr'><strong><em>τῶν</em></strong></span> <span class='ocrx_word' id='word_1_142' title='bbox 1654 1546 1929 1610; x_wconf 78' lang='grc' dir='ltr'><strong><em>γραμμῶν</em></strong></span> 
     </span>
     <span class='ocr_line' id='line_1_22' title="bbox 223 1626 855 1698; baseline -0.003 -16"><span class='ocrx_word' id='word_1_143' title='bbox 223 1626 290 1683; x_wconf 79' lang='grc' dir='ltr'><strong><em>τὰ</em></strong></span> <span class='ocrx_word' id='word_1_144' title='bbox 324 1635 395 1696; x_wconf 90' lang='grc' dir='ltr'>Α,</span> <span class='ocrx_word' id='word_1_145' title='bbox 429 1633 475 1681; x_wconf 91' lang='grc' dir='ltr'><strong><em>Β</em></strong></span> <span class='ocrx_word' id='word_1_146' title='bbox 518 1636 735 1698; x_wconf 79' lang='grc' dir='ltr'><strong><em>σημεῖα,</em></strong></span> <span class='ocrx_word' id='word_1_147' title='bbox 775 1647 855 1680; x_wconf 87' lang='grc' dir='ltr'><strong><em>τε-</em></strong></span> 
     </span>
     <span class='ocr_line' id='line_1_23' title="bbox 224 1712 855 1786; baseline -0.002 -16"><span class='ocrx_word' id='word_1_148' title='bbox 224 1717 510 1786; x_wconf 86' lang='grc' dir='ltr'><strong><em>ταγμένως</em></strong></span> <span class='ocrx_word' id='word_1_149' title='bbox 544 1714 606 1770; x_wconf 74' lang='grc' dir='ltr'><strong><em>δὲ</em></strong></span> <span class='ocrx_word' id='word_1_150' title='bbox 637 1712 723 1771; x_wconf 79' lang='grc' dir='ltr'><strong><em>ἐπὶ</em></strong></span> <span class='ocrx_word' id='word_1_151' title='bbox 753 1714 855 1785; x_wconf 90' lang='grc' dir='ltr'><strong><em>τὴν</em></strong></span> 
     </span>
     <span class='ocr_line' id='line_1_24' title="bbox 224 1803 855 1875; baseline -0.003 -15"><span class='ocrx_word' id='word_1_152' title='bbox 224 1811 333 1860; x_wconf 91' lang='grc' dir='ltr'><strong><em>ΑΒ</em></strong></span> <span class='ocrx_word' id='word_1_153' title='bbox 397 1803 491 1869; x_wconf 84' lang='grc' dir='ltr'><strong><em>τὰς</em></strong></span> <span class='ocrx_word' id='word_1_154' title='bbox 547 1809 677 1875; x_wconf 87' lang='grc' dir='ltr'>ΓΔ,</span> <span class='ocrx_word' id='word_1_155' title='bbox 732 1810 855 1874; x_wconf 88' lang='grc' dir='ltr'><strong><em>ΕΖ,</em></strong></span> 
     </span>
     <span class='ocr_line' id='line_1_25' title="bbox 223 1895 950 1979; baseline -0.003 -30"><span class='ocrx_word' id='word_1_156' title='bbox 223 1899 356 1962; x_wconf 74' lang='grc' dir='ltr'>ΗΘ,</span> <span class='ocrx_word' id='word_1_157' title='bbox 390 1899 527 1962; x_wconf 82' lang='grc' dir='ltr'><strong><em>ΚΛ,</em></strong></span> <span class='ocrx_word' id='word_1_158' title='bbox 561 1899 707 1963; x_wconf 87' lang='grc' dir='ltr'><strong><em>ΜΝ,</em></strong></span> <span class='ocrx_word' id='word_1_159' title='bbox 738 1895 855 1956; x_wconf 75' lang='grc' dir='ltr'><strong><em>ΞΟ.</em></strong></span> <span class='ocrx_word' id='word_1_160' title='bbox 904 1938 950 1979; x_wconf 69' lang='grc' dir='ltr'><em>Α</em></span> 
     </span>
     <span class='ocr_line' id='line_1_26' title="bbox 229 1981 856 2053; baseline -0.003 -15"><span class='ocrx_word' id='word_1_161' title='bbox 229 1986 279 2038; x_wconf 84' lang='grc' dir='ltr'><strong><em>εἰ</em></strong></span> <span class='ocrx_word' id='word_1_162' title='bbox 318 1981 380 2037; x_wconf 75' lang='grc' dir='ltr'><strong><em>δὲ</em></strong></span> <span class='ocrx_word' id='word_1_163' title='bbox 420 1985 547 2053; x_wconf 83' lang='grc' dir='ltr'><strong><em>δίχα</em></strong></span> <span class='ocrx_word' id='word_1_164' title='bbox 586 1982 679 2036; x_wconf 87' lang='grc' dir='ltr'><strong><em>καὶ</em></strong></span> <span class='ocrx_word' id='word_1_165' title='bbox 718 1983 856 2052; x_wconf 90' lang='grc' dir='ltr'><strong><em>πρὸς</em></strong></span> 
     </span>
     <span class='ocr_line' id='line_1_27' title="bbox 226 2068 854 2144; baseline -0.003 -17"><span class='ocrx_word' id='word_1_166' title='bbox 226 2069 407 2144; x_wconf 80' lang='grc' dir='ltr'><strong><em>ὀρθὰς</em></strong></span> <span class='ocrx_word' id='word_1_167' title='bbox 447 2068 621 2135; x_wconf 76' lang='grc' dir='ltr'><strong><em>αὐτὰς</em></strong></span> <span class='ocrx_word' id='word_1_168' title='bbox 650 2072 854 2141; x_wconf 84' lang='grc' dir='ltr'><strong><em>τέμνει,</em></strong></span> 
     </span>
     <span class='ocr_line' id='line_1_28' title="bbox 226 2157 854 2226; baseline 0 -12"><span class='ocrx_word' id='word_1_169' title='bbox 226 2158 375 2226; x_wconf 81' lang='grc' dir='ltr'><strong><em>ἄξων</em></strong></span> <span class='ocrx_word' id='word_1_170' title='bbox 415 2165 675 2215; x_wconf 82' lang='grc' dir='ltr'><strong><em>καλεῖται.</em></strong></span> <span class='ocrx_word' id='word_1_171' title='bbox 736 2157 854 2214; x_wconf 73' lang='grc' dir='ltr'><strong><em>’ἐὰν</em></strong></span> 
     </span>
     <span class='ocr_line' id='line_1_29' title="bbox 227 2247 1432 2319; baseline 0.002 -16"><span class='ocrx_word' id='word_1_172' title='bbox 227 2248 289 2303; x_wconf 73' lang='grc' dir='ltr'><strong><em>δὲ</em></strong></span> <span class='ocrx_word' id='word_1_173' title='bbox 322 2247 619 2319; x_wconf 81' lang='grc' dir='ltr'><strong><em>ὃιαχθεῖσᾶ</em></strong></span> <span class='ocrx_word' id='word_1_174' title='bbox 644 2271 726 2314; x_wconf 86' lang='grc' dir='ltr'><strong><em>τις</em></strong></span> <span class='ocrx_word' id='word_1_175' title='bbox 765 2247 852 2303; x_wconf 79' lang='grc' dir='ltr'><strong><em>εὐ-</em></strong></span> <span class='ocrx_word' id='word_1_176' title='bbox 1386 2257 1432 2297; x_wconf 81' lang='lat' dir='ltr'><em>P</em></span> 
     </span>
     <span class='ocr_line' id='line_1_30' title="bbox 224 2334 1931 2414; baseline 0.004 -23"><span class='ocrx_word' id='word_1_177' title='bbox 224 2346 355 2392; x_wconf 79' lang='grc' dir='ltr'><strong><em>θεῖα</em></strong></span> <span class='ocrx_word' id='word_1_178' title='bbox 413 2335 487 2401; x_wconf 84' lang='grc' dir='ltr'><strong><em>ὡς</em></strong></span> <span class='ocrx_word' id='word_1_179' title='bbox 540 2334 574 2408; x_wconf 81' lang='grc' dir='ltr'>ἡ</span> <span class='ocrx_word' id='word_1_180' title='bbox 630 2343 756 2392; x_wconf 92' lang='grc' dir='ltr'><strong><em>ΠΡ</em></strong></span> <span class='ocrx_word' id='word_1_181' title='bbox 817 2340 915 2404; x_wconf 82' lang='grc' dir='ltr'><strong><em>τὰς</em></strong></span> <span class='ocrx_word' id='word_1_182' title='bbox 970 2343 1098 2409; x_wconf 83' lang='grc' dir='ltr'>ΓΞ,</span> <span class='ocrx_word' id='word_1_183' title='bbox 1145 2346 1300 2410; x_wconf 90' lang='grc' dir='ltr'><strong><em>ΕΜ,</em></strong></span> <span class='ocrx_word' id='word_1_184' title='bbox 1348 2346 1475 2396; x_wconf 91' lang='grc' dir='ltr'><strong><em>ΗΚ</em></strong></span> <span class='ocrx_word' id='word_1_185' title='bbox 1533 2342 1931 2414; x_wconf 86' lang='grc' dir='ltr'><strong><em>παραλλήλους</em></strong></span> 
     </span>
     <span class='ocr_line' id='line_1_31' title="bbox 226 2427 1926 2503; baseline 0.005 -23"><span class='ocrx_word' id='word_1_186' title='bbox 226 2430 291 2498; x_wconf 81' lang='grc' dir='ltr'><strong><em>τῇ</em></strong></span> <span class='ocrx_word' id='word_1_187' title='bbox 335 2432 441 2480; x_wconf 90' lang='grc' dir='ltr'><strong><em>ΑΒ</em></strong></span> <span class='ocrx_word' id='word_1_188' title='bbox 492 2430 619 2498; x_wconf 80' lang='grc' dir='ltr'><strong><em>δίχα</em></strong></span> <span class='ocrx_word' id='word_1_189' title='bbox 658 2428 870 2498; x_wconf 86' lang='grc' dir='ltr'><strong><em>τέμνει,</em></strong></span> <span class='ocrx_word' id='word_1_190' title='bbox 920 2427 1092 2501; x_wconf 83' lang='grc' dir='ltr'><strong><em>ὀρθία</em></strong></span> <span class='ocrx_word' id='word_1_191' title='bbox 1132 2429 1234 2501; x_wconf 78' lang='grc' dir='ltr'><strong><em>μὲν</em></strong></span> <span class='ocrx_word' id='word_1_192' title='bbox 1275 2429 1568 2501; x_wconf 78' lang='grc' dir='ltr'><strong><em>διάμετρος</em></strong></span> <span class='ocrx_word' id='word_1_193' title='bbox 1605 2437 1851 2487; x_wconf 79' lang='grc' dir='ltr'><strong><em>καλεῖται</em></strong></span> <span class='ocrx_word' id='word_1_194' title='bbox 1891 2430 1926 2503; x_wconf 80' lang='grc' dir='ltr'>ἡ</span> 
     </span>
     <span class='ocr_line' id='line_1_32' title="bbox 224 2516 1926 2593; baseline 0.005 -25"><span class='ocrx_word' id='word_1_195' title='bbox 224 2522 287 2569; x_wconf 94' lang='grc' dir='ltr'><em>Π</em></span> <span class='ocrx_word' id='word_1_196' title='bbox 292 2520 359 2584; x_wconf 94' lang='grc' dir='ltr'>Ρ,</span> <span class='ocrx_word' id='word_1_197' title='bbox 399 2516 743 2586; x_wconf 86' lang='grc' dir='ltr'><strong><em>τεταγμένως</em></strong></span> <span class='ocrx_word' id='word_1_198' title='bbox 787 2517 848 2572; x_wconf 77' lang='grc' dir='ltr'><strong><em>δὲ</em></strong></span> <span class='ocrx_word' id='word_1_199' title='bbox 886 2521 1166 2590; x_wconf 82' lang='grc' dir='ltr'><strong><em>κατῆχθαι</em></strong></span> <span class='ocrx_word' id='word_1_200' title='bbox 1206 2517 1294 2574; x_wconf 79' lang='grc' dir='ltr'><strong><em>ἐπὶ</em></strong></span> <span class='ocrx_word' id='word_1_201' title='bbox 1334 2518 1436 2589; x_wconf 82' lang='grc' dir='ltr'><strong><em>τὴν</em></strong></span> <span class='ocrx_word' id='word_1_202' title='bbox 1477 2525 1540 2573; x_wconf 93' lang='grc' dir='ltr'><em>Π</em></span> <span class='ocrx_word' id='word_1_203' title='bbox 1544 2525 1594 2574; x_wconf 92' lang='grc' dir='ltr'><em>Ρ</em></span> <span class='ocrx_word' id='word_1_204' title='bbox 1626 2521 1926 2593; x_wconf 79' lang='grc' dir='ltr'><strong><em>διάμετρον</em></strong></span> 
     </span>
     <span class='ocr_line' id='line_1_33' title="bbox 226 2605 1927 2682; baseline 0.004 -24"><span class='ocrx_word' id='word_1_205' title='bbox 226 2605 425 2674; x_wconf 81' lang='grc' dir='ltr'><strong><em>ἑκάστη</em></strong></span> <span class='ocrx_word' id='word_1_206' title='bbox 480 2609 595 2659; x_wconf 81' lang='grc' dir='ltr'><strong><em>τῶν</em></strong></span> <span class='ocrx_word' id='word_1_207' title='bbox 652 2607 783 2674; x_wconf 82' lang='grc' dir='ltr'>ΓΞ,</span> <span class='ocrx_word' id='word_1_208' title='bbox 827 2612 978 2676; x_wconf 93' lang='grc' dir='ltr'>ΕΜ,</span> <span class='ocrx_word' id='word_1_209' title='bbox 1017 2612 1154 2662; x_wconf 90' lang='grc' dir='ltr'><strong><em>ΗΚ.</em></strong></span> <span class='ocrx_word' id='word_1_210' title='bbox 1241 2611 1292 2662; x_wconf 85' lang='grc' dir='ltr'><strong><em>εἰ</em></strong></span> <span class='ocrx_word' id='word_1_211' title='bbox 1345 2607 1407 2662; x_wconf 76' lang='grc' dir='ltr'><strong><em>δὲ</em></strong></span> <span class='ocrx_word' id='word_1_212' title='bbox 1464 2611 1591 2679; x_wconf 82' lang='grc' dir='ltr'><strong><em>δίχα</em></strong></span> <span class='ocrx_word' id='word_1_213' title='bbox 1644 2609 1735 2664; x_wconf 84' lang='grc' dir='ltr'><strong><em>καὶ</em></strong></span> <span class='ocrx_word' id='word_1_214' title='bbox 1789 2612 1927 2682; x_wconf 87' lang='grc' dir='ltr'><strong><em>πρὸς</em></strong></span> 
     </span>
     <span class='ocr_line' id='line_1_34' title="bbox 230 2691 1935 2768; baseline 0.003 -21"><span class='ocrx_word' id='word_1_215' title='bbox 230 2691 410 2763; x_wconf 82' lang='grc' dir='ltr'><strong><em>ὀρθὰς</em></strong></span> <span class='ocrx_word' id='word_1_216' title='bbox 450 2692 631 2764; x_wconf 86' lang='grc' dir='ltr'><strong><em>αὐτὴν</em></strong></span> <span class='ocrx_word' id='word_1_217' title='bbox 668 2695 871 2765; x_wconf 87' lang='grc' dir='ltr'><strong><em>τέμνει,</em></strong></span> <span class='ocrx_word' id='word_1_218' title='bbox 912 2696 1061 2762; x_wconf 81' lang='grc' dir='ltr'><strong><em>ἄξων</em></strong></span> <span class='ocrx_word' id='word_1_219' title='bbox 1096 2693 1287 2768; x_wconf 80' lang='grc' dir='ltr'><strong><em>ὀρθός,</em></strong></span> <span class='ocrx_word' id='word_1_220' title='bbox 1327 2693 1430 2751; x_wconf 78' lang='grc' dir='ltr'><strong><em>ἐὰν</em></strong></span> <span class='ocrx_word' id='word_1_221' title='bbox 1470 2696 1531 2752; x_wconf 77' lang='grc' dir='ltr'><strong><em>δὲ</em></strong></span> <span class='ocrx_word' id='word_1_222' title='bbox 1567 2699 1627 2752; x_wconf 79' lang='grc' dir='ltr'><strong><em>αἰ</em></strong></span> <span class='ocrx_word' id='word_1_223' title='bbox 1656 2702 1783 2767; x_wconf 91' lang='grc' dir='ltr'><strong><em>ΑΒ,</em></strong></span> <span class='ocrx_word' id='word_1_224' title='bbox 1816 2703 1935 2753; x_wconf 93' lang='grc' dir='ltr'><strong><em>ΠΡ</em></strong></span> 
     </span>
    </p>
   </div>
   <div class='ocr_carea' id='block_1_8' title="bbox 951 1646 1921 2246">
    <p class='ocr_par' dir='ltr' id='par_1_8' title="bbox 951 1646 1921 2246">
     <span class='ocr_line' id='line_1_35' title="bbox 951 1646 1921 2246; baseline 0 1010"><span class='ocrx_word' id='word_1_225' title='bbox 951 1646 1921 2246; x_wconf 95' lang='lat' dir='ltr'><strong><em> </em></strong></span> 
     </span>
    </p>
   </div>
   <div class='ocr_carea' id='block_1_9' title="bbox 226 2801 404 2806">
    <p class='ocr_par' dir='ltr' id='par_1_9' title="bbox 226 2801 404 2806">
     <span class='ocr_line' id='line_1_36' title="bbox 226 2801 404 2806; baseline 0 0"><span class='ocrx_word' id='word_1_226' title='bbox 226 2801 404 2806; x_wconf 95' lang='lat' dir='ltr'><strong><em> </em></strong></span> 
     </span>
    </p>
   </div>
   <div class='ocr_carea' id='block_1_10' title="bbox 429 2802 582 2806">
    <p class='ocr_par' dir='ltr' id='par_1_10' title="bbox 429 2802 582 2806">
     <span class='ocr_line' id='line_1_37' title="bbox 429 2802 582 2806; baseline 0 0"><span class='ocrx_word' id='word_1_227' title='bbox 429 2802 582 2806; x_wconf 95' lang='lat' dir='ltr'><strong><em> </em></strong></span> 
     </span>
    </p>
   </div>
   <div class='ocr_carea' id='block_1_11' title="bbox 229 2854 1924 3034">
    <p class='ocr_par' dir='ltr' id='par_1_11' title="bbox 229 2854 1924 3034">
     <span class='ocr_line' id='line_1_38' title="bbox 347 2854 1923 2917; baseline 0.002 -18"><span class='ocrx_word' id='word_1_228' title='bbox 347 2862 387 2900; x_wconf 85' lang='grc'><strong><em>5.</em></strong></span> <span class='ocrx_word' id='word_1_229' title='bbox 413 2854 666 2912; x_wconf 81' lang='grc' dir='ltr'><strong><em>τέμνουσαι</em></strong></span> <span class='ocrx_word' id='word_1_230' title='bbox 691 2871 735 2913; x_wconf 90' lang='lat' dir='ltr'><strong><em>p.</em></strong></span> <span class='ocrx_word' id='word_1_231' title='bbox 858 2861 899 2901; x_wconf 90' lang='lat'><strong><em>8.</em></strong></span> <span class='ocrx_word' id='word_1_232' title='bbox 934 2857 1002 2915; x_wconf 79' lang='grc' dir='ltr'><strong><em>εἰ]</em></strong></span> <span class='ocrx_word' id='word_1_233' title='bbox 1030 2854 1059 2914; x_wconf 83' lang='grc' dir='ltr'>ἡ</span> <span class='ocrx_word' id='word_1_234' title='bbox 1085 2858 1201 2915; x_wconf 83' lang='lat' dir='ltr'><strong><em>Wp,</em></strong></span> <span class='ocrx_word' id='word_1_235' title='bbox 1230 2871 1346 2902; x_wconf 82' lang='lat' dir='ltr'>corr.</span> <span class='ocrx_word' id='word_1_236' title='bbox 1366 2857 1541 2903; x_wconf 87' lang='lat' dir='ltr'><strong>Comm.</strong></span> <span class='ocrx_word' id='word_1_237' title='bbox 1663 2856 1714 2917; x_wconf 83' lang='grc' dir='ltr'><strong><em>ἡ]</em></strong></span> <span class='ocrx_word' id='word_1_238' title='bbox 1741 2858 1923 2915; x_wconf 75' lang='lat' dir='ltr'><strong>scripsi,</strong></span> 
     </span>
     <span class='ocr_line' id='line_1_39' title="bbox 229 2914 1924 2976; baseline 0.001 -17"><span class='ocrx_word' id='word_1_239' title='bbox 229 2915 451 2970; x_wconf 91' lang='lat' dir='ltr'><strong>om.Wp.</strong></span> <span class='ocrx_word' id='word_1_240' title='bbox 575 2916 682 2973; x_wconf 82' lang='grc' dir='ltr'><strong><em>καί]</em></strong></span> <span class='ocrx_word' id='word_1_241' title='bbox 717 2930 805 2960; x_wconf 92' lang='lat' dir='ltr'><strong><em>om.</em></strong></span> <span class='ocrx_word' id='word_1_242' title='bbox 833 2915 947 2972; x_wconf 88' lang='lat' dir='ltr'><strong><em>Wp,</em></strong></span> <span class='ocrx_word' id='word_1_243' title='bbox 981 2930 1095 2962; x_wconf 86' lang='lat' dir='ltr'><strong>corr.</strong></span> <span class='ocrx_word' id='word_1_244' title='bbox 1131 2917 1304 2961; x_wconf 88' lang='lat' dir='ltr'><strong>Comm.</strong></span> <span class='ocrx_word' id='word_1_245' title='bbox 1429 2922 1497 2962; x_wconf 83' lang='lat'><strong><em>12.</em></strong></span> <span class='ocrx_word' id='word_1_246' title='bbox 1531 2914 1634 2976; x_wconf 79' lang='grc' dir='ltr'><strong><em>τάς]</em></strong></span> <span class='ocrx_word' id='word_1_247' title='bbox 1668 2922 1770 2969; x_wconf 82' lang='grc' dir='ltr'><strong><em>ταῖς</em></strong></span> <span class='ocrx_word' id='word_1_248' title='bbox 1800 2917 1924 2974; x_wconf 87' lang='lat' dir='ltr'><strong><em>Wp,</em></strong></span> 
     </span>
     <span class='ocr_line' id='line_1_40' title="bbox 229 2973 1922 3034; baseline 0.002 -16"><span class='ocrx_word' id='word_1_249' title='bbox 229 2987 342 3018; x_wconf 86' lang='lat' dir='ltr'><strong>corr.</strong></span> <span class='ocrx_word' id='word_1_250' title='bbox 370 2973 543 3018; x_wconf 89' lang='lat' dir='ltr'><strong>Comm.</strong></span> <span class='ocrx_word' id='word_1_251' title='bbox 669 2979 737 3021; x_wconf 85' lang='lat'><strong><em>14.</em></strong></span> <span class='ocrx_word' id='word_1_252' title='bbox 773 2975 884 3020; x_wconf 76' lang='lat' dir='ltr'>Post</span> <span class='ocrx_word' id='word_1_253' title='bbox 915 2979 1042 3019; x_wconf 81' lang='grc' dir='ltr'><strong><em>καλῶ</em></strong></span> <span class='ocrx_word' id='word_1_254' title='bbox 1072 2982 1093 3020; x_wconf 92' lang='grc'>1</span> <span class='ocrx_word' id='word_1_255' title='bbox 1128 2975 1220 3021; x_wconf 74' lang='lat' dir='ltr'><strong>litt.</strong></span> <span class='ocrx_word' id='word_1_256' title='bbox 1248 2989 1381 3020; x_wconf 83' lang='lat' dir='ltr'>erasa.</span> <span class='ocrx_word' id='word_1_257' title='bbox 1413 2979 1458 3034; x_wconf 93' lang='grc' dir='ltr'><strong><em>(σ</em></strong></span> <span class='ocrx_word' id='word_1_258' title='bbox 1481 2977 1557 3020; x_wconf 84' lang='lat' dir='ltr'><strong><em>uel</em></strong></span> <span class='ocrx_word' id='word_1_259' title='bbox 1585 2977 1621 3034; x_wconf 95' lang='grc' dir='ltr'><strong><em>ι)</em></strong></span> <span class='ocrx_word' id='word_1_260' title='bbox 1651 2976 1724 3021; x_wconf 90' lang='lat' dir='ltr'><strong><em>W.</em></strong></span> <span class='ocrx_word' id='word_1_261' title='bbox 1849 2980 1922 3022; x_wconf 80' lang='lat'><strong><em>25.</em></strong></span> 
     </span>
    </p>
   </div>
  </div>
 </body>
</html>
