2046 3256
157 1080 212 1120 10

243 143 354 197 216
720 146 1158 188 COMMENTARIA
1189 146 1471 198 ANTIQUA.

241 262 346 332 τὴν
387 267 522 333 μιάν
556 261 804 334 πλευρὰν
836 265 939 318 τοῦ
968 263 1249 335 τριγώνου
1280 262 1465 333 τέμνει
1496 263 1587 318 καὶ
1619 262 1722 334 τὴν
1756 263 1940 334 βάσιν,

244 351 331 407 ἐπὶ
389 350 450 406 δὲ
504 355 600 422 τῆς
654 349 968 423 ὑπερβολῆς
1020 351 1124 423 τήν
1169 373 1228 407 τε
1273 350 1520 424 πλευρὰν
1567 352 1658 407 καὶ
1705 349 1807 423 τὴν
1857 350 1936 408 ἐπ’

245 438 469 506 εὐθείας
514 443 580 514 τῇ
628 444 794 513 λοιπῇ
842 444 1054 514 πλευρᾷ
1104 441 1516 512 ἐκβαλλομένην
1562 440 1701 512 πρὸς
1745 443 1812 514 τῇ
1859 462 1944 497 uo-

244 531 424 602 ρυφῇ,
473 530 560 585 ἐπὶ
612 530 674 585 δὲ
723 532 820 601 τῆς
866 532 1158 597 ἐλλείψεως
1195 530 1287 585 καὶ
1329 530 1592 603 ἑκατέραν
1630 533 1743 586 τῶν
1783 537 1943 586 πλευ-

244 620 360 687 ρῶν
399 617 492 672 καὶ
531 618 635 689 τὴν
677 617 861 688 βάσιν.
939 618 1001 673 τὸ
1045 618 1106 674 δὲ
1146 619 1380 675 δέκατον
1421 616 1803 692 ἁπλούστερον
1842 619 1945 692 μέν

244 727 327 771 τις
367 706 680 777 ἐπιβάλλων
722 714 856 772 ἴσως
899 703 968 763 ἂν
1011 712 1232 778 οἰηθείη
1272 704 1480 763 ταύτὸν
1521 706 1665 763 εἶναι
1703 711 1780 783 τῷ
1822 711 1945 764 δευ-

243 796 409 869 τέρῳ,
463 804 629 851 τοῦτο
688 798 877 867 μέντοι
933 795 1034 868 οὐχ
1090 794 1164 862 ὣς
1212 800 1340 868 ἔχει·
1398 798 1512 852 ἐκεῖ
1555 796 1657 868 μὲν
1704 796 1809 869 γὰρ
1858 798 1946 852 ἐπὶ

245 883 424 955 πάσης
491 888 590 955 τῆς
660 887 985 956 ἐπιφανείας
1048 890 1199 957 ἔλεγε
1261 884 1649 957 λαμβάνεσθαι
1709 883 1777 942 τὰ
1840 885 1945 942 δύο

246 985 469 1044 σημεῖα,
519 975 767 1030 ἐνταῦθα
818 973 879 1029 δὲ
929 974 1015 1029 ἐπὶ
1060 978 1157 1045 τῆς
1194 975 1497 1046 γενομένης
1536 978 1806 1047 γραμμῆς.
1884 976 1944 1030 ἐν

246 1061 307 1116 δὲ
346 1073 463 1127 τοῖς
501 1063 624 1133 ἑξῆς
670 1063 853 1134 τρισὶν
894 1061 1288 1136 ἀκριβέστερον
1330 1065 1564 1135 ἑκάστην
1603 1067 1716 1119 τῶν
1755 1072 1945 1136 τομῶν

243 1149 464 1206 τούτων
521 1154 795 1224 διακρίνει
850 1150 984 1223 μετὰ
1041 1155 1143 1208 τοῦ
1190 1153 1373 1223 λέγειν
1419 1153 1510 1208 καὶ
1557 1150 1623 1208 τὰ
1672 1150 1945 1224 ἰδιώματα

200 1276 203 1277 ⁷
247 1237 437 1295 αὐτῶν
480 1238 543 1294 τὰ
586 1237 799 1311 ἆρχικά.

158 1583 212 1624 15

158 2024 215 2063 20

159 2467 215 2506 25

932 1377 1031 1438 Εἰς
1071 1373 1132 1429 τὸ
1175 1373 1268 1429 ια’.

359 1476 791 1548 Πεποιήσθω,
855 1475 936 1542 ὡς
996 1477 1067 1533 τὸ
1131 1476 1252 1532 ἀπὸ
1311 1483 1421 1533 ΒΓ
1474 1477 1637 1550 πρὸς
1692 1480 1761 1535 τὸ
1820 1477 1945 1535 ὑπο

246 1571 436 1637 ΒΑΓ,
485 1564 689 1632 οὕτως
735 1564 768 1637 ἡ
819 1573 919 1621 ΘΖ
967 1567 1129 1638 πρὸς
1175 1572 1304 1621 ZA·
1353 1568 1527 1639 σαφὲς
1571 1567 1673 1640 μέν
1721 1569 1836 1623 ἐστι
1881 1566 1943 1624 τὸ

245 1655 578 1727 λεγόμενον,
629 1655 776 1725 πλὴν
826 1662 882 1711 εἴ
921 1679 1002 1722 τις
1047 1657 1140 1711 καὶ
1187 1654 1625 1727 ὑπομνησθῆναι
1672 1657 1947 1727 βούλεται.

247 1749 385 1800 ἔστω
433 1748 508 1820 τῷ
557 1742 666 1799 ὑπὸ
710 1749 882 1799 ΒΑΓ
921 1751 1047 1800 ἴσον
1094 1746 1156 1800 τὸ
1206 1743 1314 1800 ὑπὸ
1365 1751 1555 1815 ΟΠΡ,
1601 1749 1677 1821 τῷ
1728 1746 1789 1802 δὲ
1836 1745 1945 1802 άπὸ

247 1839 358 1889 ΒΓ
401 1841 526 1889 ἴσον
574 1832 722 1903 παρὰ
769 1832 871 1905 τὴν
912 1841 974 1888 Π
981 1840 1029 1888 Ρ
1068 1834 1432 1905 παραβληθὲν
1478 1835 1684 1900 πλάτος
1723 1841 1946 1891 ποιείτω

246 1922 350 1993 τὴν
390 1928 531 1992 ΠΣ,
578 1923 670 1977 καὶ
710 1923 1008 1992 γεγονέτω,
1061 1921 1134 1987 ὡς
1174 1921 1206 1994 ἡ
1251 1928 1369 1978 ΟΠ
1403 1922 1540 1994 πρὸς
1579 1930 1722 1994 ΠΣ,
1763 1921 1797 1995 ἡ
1840 1929 1946 1979 ΑΖ

247 2012 387 2082 πρὸς
420 2017 542 2066 ΖΘ·
579 2011 812 2082 γέγονεν
845 2009 954 2084 ἄρα
985 2009 1046 2066 τὸ
1085 2012 1435 2082 ζητούμενον.
1501 2012 1617 2067 ἐπεὶ
1641 2011 1748 2083 γάρ
1774 2013 1944 2081 ἐστιν,

250 2097 322 2166 ὡς
369 2097 400 2170 ἡ
447 2105 565 2154 ΟΠ
606 2098 745 2170 πρὸς
785 2106 929 2170 ΠΣ,
979 2099 1011 2171 ἡ
1053 2106 1160 2155 ΑΖ
1200 2100 1339 2170 πρὸς
1379 2107 1504 2171 ΖΘ,
1552 2098 1831 2156 ἀνάπαλιν
1873 2098 1947 2167 ὡς

248 2186 282 2260 ὴ
331 2194 458 2243 ΣΠ
507 2187 643 2260 πρὸς
691 2194 829 2259 ΠΟ,
885 2187 920 2259 ἡ
967 2195 1069 2244 ΘΖ
1120 2190 1261 2261 πρὸς
1309 2195 1428 2245 ZA.
1516 2187 1590 2255 ὡς
1637 2188 1698 2245 δὲ
1744 2187 1778 2260 ἡ
1826 2195 1952 2246 ΣΠ

248 2275 387 2348 πρὸς
435 2283 575 2347 110,
631 2276 694 2333 τὸ
744 2283 856 2331 ΣΡ
908 2276 1048 2350 πρὸς
1095 2283 1220 2346 ΡΟ,
1275 2278 1526 2333 τουτέστι
1574 2276 1635 2333 τὸ
1684 2276 1794 2333 άπὸ
1842 2282 1954 2334 ΒΓ

248 2364 387 2435 πρὸς
433 2364 496 2421 τὸ
544 2363 652 2420 ὑπὸ
693 2371 875 2422 ΒΑΓ.
952 2375 1116 2422 τοῦτο
1165 2365 1487 2438 χρησιμεύει
1532 2366 1624 2421 καὶ
1666 2378 1783 2432 τοῖς
1823 2368 1947 2439 ἑξῆς

249 2453 353 2509 δύο
394 2454 770 2524 θεωρήμασιν.

371 2651 410 2690 4.
453 2645 528 2704 δέ]
570 2659 712 2702 supra
744 2660 826 2691 scr.
860 2662 905 2703 p.
1061 2652 1100 2690 7.
1144 2644 1250 2704 ἐπί]
1290 2662 1325 2689 π
1363 2660 1387 2689 e
1420 2659 1534 2691 corr.
1567 2661 1628 2691 m.
1663 2653 1685 2691 1
1720 2663 1763 2704 p.
1902 2653 1944 2692 8.

252 2704 382 2761 ἔλεγε
426 2705 560 2763 λαμ·]
600 2704 722 2761 pW¹
763 2703 949 2762 (ἔλεγεν
984 2705 1102 2763 W1).
1260 2709 1327 2749 10.
1372 2710 1471 2755 τοῖς
1504 2702 1527 2750 ἕ
1561 2706 1612 2761 ἧς
1651 2707 1762 2764 τρι-]
1803 2706 1939 2764 pW1.

314 2770 382 2808 14.
414 2762 715 2823 πεποιήσθω]
749 2780 792 2821 p,
826 2781 855 2819 η
887 2763 935 2807 in
968 2779 1057 2808 ras.
1083 2779 1143 2809 m.
1171 2769 1196 2808 2
1223 2764 1295 2808 W.
1423 2770 1489 2807 15.
1550 2779 1650 2808 στιν
1675 2766 1748 2809 W.
1875 2770 1943 2810 17.

250 2824 313 2882 τῷ
334 2823 462 2881 (pr.)]
495 2837 609 2868 corr.
646 2839 701 2867 ex
732 2822 784 2866 τό
818 2824 911 2867 W¹.
1010 2828 1075 2867 18.
1112 2822 1229 2881 ΠΡ]
1263 2825 1311 2866 Π
1340 2836 1365 2866 e
1401 2837 1516 2867 corr.
1551 2838 1611 2868 m.
1647 2827 1670 2866 1
1705 2823 1777 2868 W.
1875 2829 1942 2870 19.

199 2946 202 2949 ψ
251 2885 352 2926 ΠΣ
380 2882 512 2940 (pr.)]
554 2885 601 2926 Σ
635 2883 685 2926 in
724 2895 810 2926 ras.
844 2897 904 2925 m.
937 2895 1028 2926 ree.
1062 2883 1134 2926 W.
1291 2881 1413 2940 ΟΠ]
1458 2884 1498 2926 Ο
1539 2895 1653 2926 corr.
1693 2896 1748 2926 ex
1790 2884 1830 2927 Θ
1871 2883 1930 2926 W

311 2946 382 2986 21.
418 2941 543 2999 011]
580 2943 621 2986 ο
654 2955 769 2986 corr.
797 2956 851 2986 ex
879 2942 919 2986 Θ
944 2940 1017 2984 W.
1118 2946 1189 2985 22.
1223 2941 1347 2999 ΣΠ]
1383 2943 1430 2984 Σ
1457 2954 1481 2984 e
1507 2954 1620 2986 corr.
1654 2941 1721 2985 W.
1823 2918 1943 3000 ΠΟ]
