2046 3256
145 607 171 650 5

203 95 310 173 1'56
672 122 1111 166 COMMENTARIA
1140 123 1422 175 ANTIQUA.

204 261 206 263 ·
312 238 387 310 η’.
443 238 556 294 Διὰ
597 239 699 310 μὲν
741 231 846 294 οὗν
883 241 987 294 τοῦ
1026 240 1385 311 συνημμένου
1424 238 1615 311 λόγου,
1656 236 1736 306 ὡς
1765 258 1903 313 προ-

200 329 523 399 γέγραπται,
557 332 696 383 ἔστω
731 327 793 383 δὲ
823 336 935 383 νῦν
967 325 1256 395 ἀποδεῖξαι
1289 326 1362 400 μὴ
1395 328 1902 401 προσχρησάμενον

201 421 277 492 τῷ
320 417 655 491 συνημμένῳ
697 415 860 491 λόγῳ.

311 510 522 561 κείσθω
576 507 652 581 τῷ
709 504 811 577 μὲν
861 503 970 561 ὑπὸ
1026 511 1202 562 ΒΓΗ
1256 513 1382 562 ἴσον
1436 509 1498 562 τὸ
1545 503 1653 562 ὑπὸ
1704 510 1902 562 ΑΓΚ·

206 598 357 650 ἔστιν
389 592 517 666 ἄρα,
559 591 633 659 ὡς
663 591 696 665 ἡ
731 599 843 650 ΒΓ
873 597 1008 665 πρὸς
1039 592 1143 666 τὴν
1178 599 1304 664 ΓΚ,
1347 593 1523 660 οὕτως
1553 591 1587 665 ἡ
1621 599 1736 650 ΑΓ
1764 598 1907 666 πρὸς

202 682 306 754 τὴν
331 688 458 738 ΓΗ.
520 684 595 757 τῷ
631 682 694 738 δὲ
725 682 833 738 ὑπὸ
866 688 1030 738 ΕΖΘ
1069 690 1194 738 ἴσον
1226 687 1435 738 κείσθω
1467 685 1529 738 τὸ
1561 680 1672 739 ὑπὸ
1708 689 1902 738 ΔΖΛ·

146 798 152 803 ·
204 777 355 828 ἔστιν
387 770 515 843 ἄρα,
550 769 623 837 ὡς
654 770 688 843 ἡ
720 779 822 827 ΕΖ
854 771 994 844 πρὸς
1024 778 1153 843 ΖΛ,
1195 770 1374 837 οὕτως
1405 769 1439 844 ἡ
1474 778 1584 827 ΔΖ
1615 770 1753 845 πρὸς
1786 778 1909 853 ΖΘ.

115 1051 172 1091 10

115 1494 171 1534 15

113 1940 171 1980 20

114 2411 172 2452 25

203 859 489 917 ὑπόκειται
517 861 596 931 δέ,
625 859 698 927 ὡς
722 862 784 917 τὸ
810 859 919 917 ὑπὸ
946 866 1133 933 ΒΓΗ,
1165 883 1321 917 τουτ-

205 950 355 1005 έστιν
379 949 441 1004 τὸ
465 946 573 1005 ὑπὸ
601 955 790 1020 ΑΓΚ,
815 949 954 1019 πρὸς
975 950 1038 1006 τὸ
1068 948 1175 1006 ἀπὸ
1195 955 1321 1021 ΑΓ,

204 1039 490 1094 τουτέστιν
523 1035 598 1104 ὡς
628 1035 661 1109 ἡ
687 1043 802 1094 ΚΓ
823 1038 962 1111 πρὸς
989 1043 1107 1109 ΓΑ,
1148 1038 1324 1104 οὕτως

202 1127 266 1182 τὸ
291 1124 401 1182 ὑπὸ
421 1133 597 1197 ΕΖΘ,
620 1128 907 1182 τουτέστιν
930 1127 992 1184 τὸ
1015 1126 1124 1184 ὑπὸ
1147 1134 1322 1197 ΔΖΛ,

204 1213 345 1289 πρὸς
381 1214 444 1270 τὸ
487 1213 596 1271 ἀπὸ
637 1221 773 1286 ΛΖ,
812 1219 1098 1273 τουτέστιν
1139 1217 1172 1287 ἡ
1215 1223 1323 1272 ΛΖ
1616 1212 1678 1252 ff

203 1302 343 1374 πρὸς
376 1310 502 1360 ΖΔ.
564 1302 704 1360 ἀλλὰ
742 1305 834 1359 καὶ
871 1302 946 1371 ὡς
977 1303 1011 1376 ἡ
1043 1310 1156 1361 ΒΓ
1186 1303 1324 1378 πρὸς
1585 1320 1630 1355 Δ
1729 1355 1735 1362 .

204 1397 330 1463 ΓΑ,
385 1391 563 1459 οὕτως
600 1391 634 1463 ἡ
676 1399 780 1447 ΕΖ
819 1391 957 1465 πρὸς
998 1400 1108 1449 ΖΔ
1151 1396 1324 1463 [Eucl.

203 1483 304 1553 VI⁷
344 1485 403 1551 4]
454 1481 548 1536 διὰ
579 1480 681 1553 τὴν
730 1481 1051 1553 ὁμοιότητα·
1106 1483 1200 1537 καὶ
1250 1480 1324 1547 ὥς
1376 1522 1424 1561 E

204 1569 313 1642 ἄρα
352 1568 386 1640 ἡ
427 1576 538 1626 ΒΓ
568 1570 709 1640 πρὸς
748 1576 879 1641 ΓΚ,
929 1570 1106 1635 οὕτως
1145 1569 1179 1642 ἡ
1219 1577 1322 1626 ΕΖ

1660 923 1717 960 Α

1553 1550 1589 1594 θ

203 1657 342 1729 πρὸς
368 1665 475 1714 ΖΛ
509 1661 680 1728 [Euel.
697 1661 764 1730 V,
788 1664 904 1728 22].
963 1657 1085 1714 ἀλλ’
1116 1657 1189 1724 ὡς
1220 1659 1323 1730 μὲν
1684 1631 1740 1673 Α

203 1745 238 1818 ἡ
275 1751 384 1802 ΒΓ
416 1748 554 1821 πρὸς
595 1753 729 1817 ΓΚ,
772 1748 947 1813 οὕτως
987 1750 1211 1819 ἐδείχθη
1253 1745 1287 1820 ἡ
1328 1753 1443 1804 ΑΓ
1474 1746 1613 1822 πρὸς
1652 1753 1788 1819 ΓΗ,
1829 1745 1911 1814 ὡς

205 1835 267 1891 δὲ
299 1834 332 1907 ἡ
360 1842 463 1891 ΕΖ
494 1835 632 1907 πρὸς
657 1843 782 1907 ΖΛ,
817 1835 994 1903 οὕτως
1025 1835 1059 1908 ἡ
1086 1842 1196 1892 ΔΖ
1227 1835 1366 1909 πρὸς
1398 1843 1520 1892 ΖΘ·
1560 1837 1654 1892 καὶ
1686 1835 1762 1903 ὡς
1793 1835 1902 1909 ἄρα

202 1925 236 1997 ἡ
269 1930 385 1980 ΑΓ
415 1924 554 1998 πρὸς
577 1930 707 1996 ΓΗ,
749 1927 925 1990 οὕτως
957 1922 989 1997 ἡ
1018 1932 1072 1980 Δ
1083 1931 1128 1980 Ζ
1159 1923 1296 1998 πρὸς
1329 1931 1443 1981 ΖΘ.
1498 1926 1591 1981 καὶ
1622 1925 1747 1997 περὶ
1780 1932 1907 1991 ἴσας

202 2018 434 2084 γωνίας·
475 2012 674 2085 ὅμοιον
707 2013 815 2082 ἄρα
850 2014 1000 2070 ἐστὶν
1033 2013 1096 2070 τὸ
1120 2019 1297 2070 ΑΓΗ
1325 2018 1604 2087 τρίγωνον
1634 2018 1709 2091 τῷ
1735 2019 1904 2069 ΔΖΘ

202 2102 458 2177 τριγώνῳ
501 2104 674 2172 [Eucl.
708 2105 802 2175 VI,
835 2106 911 2172 6].

318 2190 524 2262 ὁμοίως
569 2191 660 2246 καὶ
700 2189 763 2247 τὸ
801 2197 978 2247 ΑΗΒ
1017 2194 1092 2267 τῷ
1134 2197 1331 2262 ΔΘΕ,
1380 2189 1463 2247 ὅτι
1502 2191 1595 2246 καὶ
1633 2190 1696 2247 τὸ
1739 2194 1911 2246 ΑΒΓ

203 2282 278 2334 τῶ
320 2284 502 2335 ΔΕΖ.

316 2397 399 2452 θ’.
439 2394 620 2451 ’Έστω
662 2395 862 2468 ὅμοιον
893 2395 955 2452 τὸ
989 2396 1091 2468 μὲν
1116 2401 1288 2451 ΑΒΓ
1317 2401 1597 2469 τρίγωνον
1628 2403 1705 2472 τῷ
1732 2401 1902 2451 ΔΕΖ

205 2484 485 2556 τριγώνῳ,
531 2507 594 2540 το
635 2485 697 2540 δὲ
735 2490 911 2540 ΑΗΒ
950 2488 1026 2559 τῷ
1068 2491 1258 2540 ΔΕΘ·
1316 2485 1400 2540 ὅτι
1439 2488 1677 2556 γίνεται,
1726 2482 1800 2550 ὥς
1837 2483 1900 2540 τὸ

204 2571 314 2629 ὑπὸ
363 2578 539 2629 ΒΓΗ
586 2572 724 2644 πρὸς
778 2572 840 2629 τὸ
893 2572 1002 2630 ἀπο
1054 2579 1178 2644 ΓΑ,
1236 2572 1413 2639 οὕτως
1464 2573 1526 2630 τὸ
1581 2572 1692 2629 ὑπὸ
1740 2578 1901 2628 ΕΖΘ

203 2661 344 2733 πρὸς
381 2661 442 2718 τὸ
487 2659 595 2718 ἀπὸ
641 2668 765 2718 ΔΖ.

326 2861 396 2899 23.
424 2851 595 2913 ὁμοίως
616 2880 668 2887 -
688 2857 758 2899 24.
786 2853 944 2912 ΔΕΖ]
976 2852 1308 2911 interpolatori
1329 2853 1496 2898 tribuit
1517 2852 1730 2897 Hultsch.
1827 2857 1898 2898 28.

205 2915 314 2973 AZ]
352 2918 437 2959 ZA
469 2913 669 2959 Hultsch
700 2927 806 2957 cum
836 2912 1036 2958 Halieio.

2021 0 2046 149 1

2040 201 2046 327 1
