2034 3216
217 141 289 195 38
889 138 1164 183 ΚΩΝΙΚΩΝ
1196 134 1261 182 δ’.

217 257 353 332 ὅπερ
401 257 633 315 ἄτοπον·
683 254 717 328 ἢ
767 254 802 329 ἡ
843 263 955 312 AB
1001 260 1068 330 τῇ
1108 262 1227 312 ΒΗ
1271 253 1372 312 οὐκ
1413 262 1531 326 ἴση,
1577 252 1612 327 ἢ
1653 251 1920 327 οὐδετέρα

217 347 512 420 οὐδετέρᾳ,
558 345 653 401 καὶ
699 344 870 401 πάλιν
917 342 1000 401 ἐπ’
1037 343 1374 417 ἀμφοτέρων
1419 343 1482 400 τὸ
1531 341 1669 400 αὐτὸ
1710 342 1919 400 ἄτοπον

218 436 574 508 συμβήσεται.
636 432 756 506 ἥξει
795 433 905 507 ἄρα
944 432 978 505 ἡ
1019 439 1124 489 ΕΖ
1165 431 1259 489 διὰ
1300 436 1415 489 τῶν
1455 439 1528 504 Κ,
1553 438 1623 488 Η.

1016 567 1123 623 κδ’.

160 674 184 715 5
330 657 542 713 Κώνου
585 655 726 728 τομὴ
764 656 952 713 κώνου
989 659 1130 730 τομῇ
1170 653 1204 728 ἢ
1244 654 1454 712 κύκλου
1492 658 1814 730 περιφερείᾳ
1853 651 1917 710 οἰ

217 746 523 819 συμβάλλει
549 743 744 817 οὕτως,
780 745 920 801 ὥστε
948 747 1114 819 μέρος
1138 746 1240 817 μέν
1258 767 1311 801 τι
1337 742 1484 800 εἶναι
1506 741 1733 815 ταύτόν,
1757 744 1923 816 μέρος

219 837 281 892 δὲ
320 835 394 907 μὴ
437 834 584 891 εἶναι
621 834 834 891 κοινόν.

329 929 381 980 εἰ
433 923 540 997 γὰρ
591 922 864 993 δυνατόν,
919 922 1107 979 κώνου
1153 921 1292 994 τομὴ
1341 920 1375 994 ἡ
1423 930 1541 978 AA
1557 927 1675 978 ΒΓ
1712 921 1921 978 κύκλου

214 1018 538 1087 περιφερείᾳ
585 1015 651 1085 τῇ
700 1017 946 1067 ΕΑΒΓ
978 1012 1361 1083 συμβαλλέτω,
1408 1011 1499 1067 καὶ
1548 1016 1685 1068 ἔστω
1735 1009 1923 1068 αὐτῶν

128 1116 184 1157 10
216 1099 412 1157 κοινὸν
453 1102 620 1173 μέρος
657 1099 720 1156 τὸ
763 1098 900 1156 αὐτὸ
940 1103 1002 1156 τὸ
1043 1106 1226 1169 ΑΒΓ,
1266 1099 1340 1172 μὴ
1378 1098 1575 1156 κοινὸν
1616 1099 1678 1157 δὲ
1715 1103 1778 1157 τὸ
1810 1107 1922 1156 ΑΔ

213 1191 308 1246 καὶ
354 1187 418 1245 τὸ
467 1196 604 1260 ΑΕ,
659 1190 753 1245 καὶ
800 1188 1057 1261 εἰλήφθω
1107 1187 1191 1245 ἐπ’
1236 1186 1423 1245 αὐτῶν
1472 1200 1704 1261 σημεῖον
1750 1187 1814 1245 τὸ
1861 1196 1921 1257 Θ,

217 1279 312 1334 καὶ
344 1277 657 1350 ἐπεζεύχθω
691 1276 725 1350 ἡ
759 1285 890 1350 ΘΑ,
927 1278 1020 1334 καὶ
1053 1277 1147 1334 διὰ
1180 1277 1451 1350 τυχόντος
1483 1283 1715 1350 σημείου
1746 1281 1847 1334 τοῦ
1872 1285 1925 1334 Ε

213 1369 280 1440 τῇ
306 1374 359 1422 A
369 1373 416 1422 Θ
445 1366 802 1439 παράλληλος
833 1368 992 1440 ἤχθω
1026 1365 1060 1439 ἡ
1086 1373 1143 1422 Δ
1154 1372 1273 1436 ΕΓ,
1313 1367 1405 1422 καὶ
1436 1366 1728 1439 τετμήσθω
1760 1365 1794 1439 ἡ
1820 1374 1921 1423 ΑΘ

216 1459 344 1528 δίχα
398 1456 537 1513 κατὰ
593 1456 656 1513 τὸ
713 1462 796 1528 Η,
860 1456 953 1511 καὶ
1010 1455 1103 1512 διὰ
1157 1459 1260 1513 τοῦ
1300 1462 1362 1511 Η
1413 1455 1708 1530 διάμετρος
1759 1455 1919 1530 ἤχθω

129 1560 183 1600 15
217 1541 251 1615 ἡ
293 1550 479 1601 ΒΗΖ.
556 1543 590 1617 ἡ
639 1543 747 1618 ἄρα
796 1546 889 1601 διὰ
936 1549 1039 1602 τοῦ
1077 1552 1125 1601 Β
1172 1543 1322 1618 παρὰ
1361 1543 1463 1617 τὴν
1502 1552 1612 1601 ΑΘ
1649 1545 1922 1618 ἐφάψεται

214 1634 477 1705 ἑκατέρας
521 1636 634 1689 τῶν
681 1638 869 1706 τομῶν
907 1635 1001 1690 καὶ
1039 1633 1394 1707 παράλληλος
1434 1638 1587 1690 ἔσται
1625 1638 1692 1708 τῇ
1733 1641 1919 1706 ΔΕΓ,

211 1722 305 1778 καὶ
353 1726 505 1777 ἔσται
552 1724 613 1779 ἐν
663 1722 765 1794 μὲν
811 1733 876 1797 τῇ
927 1724 1085 1798 ἑτέρα
1130 1726 1270 1797 τομῇ
1319 1721 1353 1795 ἡ
1394 1730 1506 1779 ΛΖ
1550 1727 1617 1798 τῇ
1659 1729 1768 1780 ΖΓ
1807 1731 1918 1796 ἴση,

214 1812 276 1867 ἐν
324 1810 385 1867 δὲ
432 1814 497 1884 τῇ
546 1812 706 1887 ἑτέρᾳ
752 1809 786 1883 ἡ
828 1818 932 1867 ΕΖ
978 1817 1044 1885 τῇ
1087 1818 1194 1868 ΖΓ
1235 1819 1340 1884 ἴση.
1421 1810 1561 1869 ὥστε
1599 1814 1691 1868 καὶ
1730 1811 1764 1884 ἡ
1808 1819 1918 1869 ΔΖ

213 1902 278 1973 τῇ
321 1905 428 1954 ΖΕ
465 1901 615 1956 ἐστιν
656 1908 774 1972 ἴση·
817 1899 950 1974 ὅπερ
992 1899 1292 1958 ἀδύνατον.

125 2046 182 2086 20
1018 2034 1118 2090 κε’.

326 2122 535 2178 Κώνου
581 2123 734 2195 τομὴ
771 2124 959 2179 κώνου
1004 2122 1183 2195 τομὴν
1231 2121 1265 2195 ἢ
1308 2123 1519 2180 κύκλου
1557 2125 1916 2197 περιφέρειαν

214 2208 283 2266 οὐ
321 2212 507 2282 τέμνει
545 2213 683 2267 κατὰ
723 2217 953 2268 πλείονα
994 2223 1192 2284 σημεῖα
1230 2212 1532 2285 τεσσάρων.

318 2303 369 2354 εἰ
390 2298 499 2372 γὰρ
526 2301 790 2370 δυνατόν,
814 2303 1053 2372 τεμνέτω
1078 2299 1216 2356 κατὰ
1241 2304 1402 2356 πέντε
1424 2299 1492 2357 τὰ
1509 2308 1579 2372 Α,
1597 2307 1663 2371 Β,
1680 2305 1744 2372 Γ,
1762 2307 1834 2371 Δ,
1853 2307 1915 2373 Ε,

213 2387 307 2441 καὶ
346 2391 596 2444 ἔστωσαν
637 2392 700 2443 αἱ
731 2398 799 2460 Α,
826 2396 892 2461 Β,
918 2395 981 2461 Γ,
1009 2397 1081 2460 Δ,
1109 2397 1160 2445 Ε
1195 2388 1541 2460 συμπτώσεις
1581 2390 1776 2461 ἐφεξῆς
1814 2411 1915 2461 μη-

123 2488 179 2528 25
214 2478 412 2547 δεμίαν
444 2481 887 2549 παραλείπουσαι
910 2477 1112 2550 μεταξὺ
1137 2476 1341 2548 αὑτῶν,
1374 2478 1466 2533 καὶ
1492 2477 1912 2550 ἐπεζεύχθωσαν

213 2567 276 2619 αἱ
327 2570 461 2634 ΑΒ,
519 2570 624 2619 ΓΔ
677 2566 770 2620 καὶ
824 2566 1315 2638 ἐκβεβλήσθωσαν·
1375 2569 1788 2638 συμπεσοῦνται
1843 2564 1912 2636 δὴ

213 2645 376 2708 αὗται
417 2650 571 2717 ἐκτὸς
615 2656 728 2708 τῶν
775 2658 962 2725 τομῶν
1004 2657 1091 2711 ἐπὶ
1128 2658 1226 2725 τῆς
1263 2658 1583 2725 παραβολῆς
1620 2654 1712 2710 καὶ
1749 2652 1911 2726 ὑπερ-

212 2744 397 2811 βολῆς.
475 2741 935 2813 συμπιπτέτωσαν
982 2741 1120 2798 κατὰ
1167 2742 1229 2798 τὸ
1271 2748 1346 2812 Λ,
1393 2743 1485 2797 καὶ
1535 2740 1602 2798 ὃν
1650 2741 1753 2813 μὲν
1801 2746 1910 2813 ἔχει

331 2879 371 2917 2
390 2870 557 2920 οὔδει-ε’
562 2875 641 2935 ρᾳ]
663 2888 756 2918 om.
768 2875 862 2932 Vp3
889 2888 1002 2919 corr.
1029 2874 1199 2931 Halley
1219 2889 1325 2918 cum
1343 2874 1516 2941 Comffn.
1597 2880 1637 2919 8.
1632 2870 1767 2946 γάρ]
1789 2888 1907 2932 vpe,

211 2931 298 2976 ins.
314 2948 372 2977 m.
395 2938 417 2975 1
438 2934 494 2978 V.
579 2939 650 2979 23
675 2933 755 2991 τά]
774 2948 819 2990 p,
845 2931 899 2978 αῖ
920 2934 975 2979 V.
1069 2938 1140 2978 25.
1166 2889 1347 2992 αὐτῶν]
1376 2932 1559 2991 scripsi,
1585 2929 1743 2978 αὐτῶν
1772 2932 1905 2990 Vpc.
