2046 3256
219 196 325 250 198
687 197 1129 241 COMMENTARIA
1159 183 1439 249 ANTIQUA.

218 317 369 371 ἐστιν
418 322 536 387 ἴση,
585 313 747 385 βάσις
794 313 902 386 ἄρα
949 312 982 385 ἡ
1028 321 1076 369 Α
1089 320 1137 369 Ε
1171 316 1235 387 τῇ
1276 318 1383 369 ΓΕ
1419 315 1571 370 ἐστιν
1611 320 1720 386 ἴση.
1799 314 1914 370 ἐπεὶ

218 397 323 461 οὖν
370 402 404 474 ἡ
457 410 572 460 ΑΕ
613 407 679 477 τῇ
728 408 834 459 ΓΕ
879 407 1030 460 ἐστιν
1077 410 1196 474 ἴση,
1243 402 1407 474 κοινὴ
1455 402 1518 459 δὲ
1565 402 1598 473 ἡ
1641 408 1777 474 EA,
1823 404 1916 460 καὶ

219 498 398 564 γωνία
446 491 479 564 ἡ
531 491 641 549 ὑπὸ
682 498 854 548 ΑΕΔ
900 497 966 566 τῇ
1010 491 1119 549 ὑπὸ
1160 497 1328 548 ΓΕΔ
1367 499 1486 563 ἴση,
1534 492 1695 564 βάσις
1733 490 1842 566 ἄρα
1881 489 1916 564 ἡ

217 588 334 638 AA
380 585 446 655 τῇ
490 587 608 637 ΔΓ
647 584 799 638 ἐστιν
847 590 955 654 ἴση.
1041 580 1248 653 ὁμοίως
1296 580 1366 653 δὴ
1411 582 1504 637 καὶ
1551 585 1724 638 πᾶσαι
1773 585 1914 655 δειχ-

158 685 184 724 5
217 671 493 743 θήσονται
549 674 612 727 αἰ
662 678 790 727 ἴσον
842 671 1148 743 ἀπέχουσαι
1195 667 1230 742 ἢ
1275 674 1373 742 τῆς
1421 676 1531 726 AB
1578 667 1612 742 ἢ
1660 674 1758 742 τῆς
1804 677 1916 727 ΛΘ

216 767 346 816 ἴσαι.
416 759 508 815 καὶ
550 761 666 816 ἐπεὶ
708 763 768 816 ἐν
808 762 991 835 κύκλῳ
1031 763 1106 835 τῷ
1146 763 1319 814 ΑΒΓ
1350 759 1438 814 ἐπὶ
1476 762 1575 831 τῆς
1613 761 1915 833 διαμέτρου

216 856 470 920 εἴληπται
526 861 759 921 σημεῖον
813 852 875 905 τὸ
924 855 975 904 Ε
1019 849 1092 920 μὴ
1142 844 1209 904 ὂν
1257 851 1492 921 κέντρον
1538 858 1641 905 τοῦ
1686 850 1914 922 κύκλου,

213 943 442 1010 μεγίστη
492 938 593 1009 μὲν
633 937 666 1009 ἡ
709 945 838 1009 ΕΒ,
880 940 1135 1010 ἐλαχίστη
1180 937 1241 993 δὲ
1280 935 1313 1010 ἡ
1357 945 1484 1009 ΕΘ,
1524 937 1610 995 ἀεὶ
1653 939 1715 996 δὲ
1753 937 1788 1011 ἡ
1830 944 1916 1011 ἔγ-

215 1049 340 1097 γιον
387 1031 485 1099 τῆς
533 1034 635 1084 ΕΘ
680 1037 780 1099 τῆς
826 1025 1115 1099 ἀπώτερόν
1170 1030 1319 1083 ἐστιν
1368 1030 1641 1084 ἐλάσσων·
1694 1027 1832 1085 ὥστε
1878 1027 1912 1101 ἡ

133 1130 186 1170 10
212 1122 325 1172 ΕΘ
362 1119 459 1187 τῆς
498 1123 602 1172 ΕΖ
641 1118 792 1173 ἐστιν
835 1117 1103 1173 ἐλάσσων.
1165 1118 1257 1172 καὶ
1298 1119 1414 1173 ἐπεὶ
1454 1116 1487 1188 ἡ
1528 1124 1638 1173 ΘΕ
1671 1121 1769 1189 τῆς
1809 1124 1917 1174 ΖΕ

127 1575 181 1616 15

124 2020 181 2061 20

125 2463 183 2504 25

215 1204 470 1261 ἐλάσσων
525 1207 702 1276 ἐστίν,
759 1205 919 1278 κοινὴ
979 1206 1040 1262 δὲ
1087 1207 1179 1261 καὶ
1225 1206 1365 1277 πρὸς
1413 1203 1592 1276 ὀρθὰς
1638 1204 1832 1272 αὐταῖς
1878 1204 1911 1278 ἡ

217 1300 347 1364 EA,
387 1294 551 1366 βάσις
590 1295 700 1365 ἄρα
733 1292 766 1366 ἡ
801 1301 910 1351 ΛΘ
942 1295 1156 1366 βάσεως
1188 1299 1284 1367 τῆς
1318 1302 1371 1350 A
1383 1301 1428 1350 Z
1461 1295 1714 1352 ἐλάσσων
1747 1298 1914 1352 ἐστίν.

213 1382 384 1439 πάλιν
426 1384 541 1440 ἐπεὶ
581 1383 614 1455 ἡ
656 1384 759 1455 μὲν
801 1391 903 1440 ΕΖ
945 1384 1136 1456 ἔγγιόν
1176 1387 1290 1441 ἐστι
1329 1389 1428 1456 τῆς
1463 1391 1584 1456 ΕΘ,
1624 1383 1658 1456 ἡ
1700 1385 1763 1442 δὲ
1802 1392 1917 1442 ΑΕ

215 1474 567 1544 πορρωτέρω,
608 1473 862 1530 ἐλάσσων
904 1474 1055 1530 ἐστὶν
1095 1471 1128 1546 ἡ
1171 1480 1275 1529 ΕΖ
1312 1478 1409 1545 τῆς
1447 1481 1572 1530 ΑΕ.
1651 1475 1767 1531 ἐπεὶ
1808 1468 1913 1530 οὖν

216 1561 468 1619 ἐλάσσων
516 1561 549 1635 ἡ
599 1569 704 1618 ΕΖ
757 1572 854 1634 τῆς
902 1569 1037 1634 EA,
1091 1562 1252 1633 κοινὴ
1304 1563 1366 1619 δὲ
1412 1564 1504 1618 καὶ
1551 1567 1688 1634 πρὸς
1735 1562 1915 1635 ὀρθάς

214 1653 364 1707 ἐστιν
397 1649 590 1718 αὐταῖς
628 1649 662 1723 ἡ
696 1659 828 1723 ΕΔ,
869 1652 1032 1721 βάσις
1063 1651 1173 1724 ἄρα
1204 1650 1238 1724 ἡ
1273 1659 1327 1707 A
1338 1658 1383 1707 Z
1422 1651 1637 1723 βάσεως
1667 1656 1764 1722 τῆς
1794 1659 1913 1709 ΔΑ

213 1742 365 1796 ἐστιν
405 1742 676 1798 ἐλάσσων.
753 1741 926 1798 πάλιν
967 1741 1083 1798 ἐπεὶ
1125 1748 1216 1812 ἴση
1260 1741 1291 1811 ἡ
1325 1748 1379 1796 A
1391 1748 1446 1797 K
1479 1745 1546 1814 τῇ
1580 1748 1708 1813 ΚΒ,
1747 1741 1910 1813 κοινὴ

214 1830 275 1885 δὲ
314 1828 348 1901 ἡ
390 1834 517 1900 ΚΕ,
559 1831 663 1886 δύο
704 1833 766 1885 αί
802 1837 936 1901 ΑΚ,
970 1836 1086 1886 ΚΕ
1122 1831 1225 1886 δύο
1264 1842 1383 1895 ταῖς
1422 1837 1551 1901 ΒΚ,
1586 1837 1716 1901 ΚΕ,
1755 1852 1915 1887 τουτ-

214 1919 365 1974 ἐστιν
414 1917 514 1992 ὅλῃ
562 1929 627 1991 τῇ
677 1926 872 1990 ΒΚΕ,
922 1924 1065 1975 εἰσιν
1115 1927 1245 1974 ἴσαι.
1339 1918 1461 1975 ἀλλ’
1515 1922 1577 1975 αἰ
1619 1924 1758 1989 ΑΚ,
1800 1925 1917 1974 ΚΕ

214 2010 312 2078 τῆς
352 2014 465 2063 ΑΕ
508 2010 754 2079 μείζονές
800 2012 964 2064 εἰσιν·
1012 2009 1103 2063 καὶ
1151 2006 1184 2079 ἡ
1220 2015 1317 2063 ΕΒ
1365 2008 1476 2080 ἄρα
1514 2012 1613 2080 τῆς
1650 2015 1762 2063 ΕΑ
1801 2013 1911 2079 μεί-

214 2100 320 2162 ζων
362 2098 527 2152 ἐστίν.
590 2096 758 2152 πάλιν
799 2097 915 2152 ἐπεὶ
955 2094 988 2167 ἡ
1024 2102 1133 2151 ΕΑ
1171 2101 1267 2168 τῆς
1300 2102 1402 2151 ΕΒ
1445 2097 1698 2153 ἐλάσσων
1739 2099 1909 2168 ἐστίν,

211 2184 374 2256 κοινὴ
417 2185 478 2241 δὲ
516 2186 609 2242 καὶ
647 2189 785 2256 πρὸς
825 2183 1006 2258 ὀρθὰς
1044 2183 1240 2251 αὐταῖς
1279 2183 1312 2257 ἡ
1353 2192 1485 2257 EA,
1526 2187 1688 2257 βάσις
1727 2184 1836 2259 ἄρα
1874 2183 1909 2255 ἡ

213 2280 330 2330 AA
369 2274 585 2345 βάσεως
622 2279 719 2346 τῆς
759 2281 870 2331 AB
911 2277 1061 2331 ἐστιν
1103 2274 1370 2331 ἐλάσσων.
1431 2276 1546 2330 ἐπεὶ
1589 2268 1693 2331 οὖν
1731 2272 1766 2346 ἡ
1801 2280 1911 2329 ΔΘ

213 2366 310 2433 τῆς
350 2369 462 2419 AZ
503 2364 783 2434 ἐλάσσων,
832 2361 864 2434 ἡ
902 2364 968 2419 ’δὲ
1007 2369 1118 2418 AZ
1156 2367 1254 2435 τῆς
1291 2369 1434 2434 AA,
1481 2361 1515 2434 ἡ
1557 2363 1620 2419 δὲ
1659 2370 1778 2419 ΔΛ
1814 2365 1913 2433 τῆς

214 2457 350 2522 AB,
394 2454 649 2523 ἐλαχίστη
690 2452 793 2523 μέν
834 2453 985 2508 ἐστιν
1025 2450 1057 2523 ἡ
1102 2458 1212 2508 ΔΘ
1249 2452 1342 2507 καὶ
1380 2453 1445 2508 τὰ
1486 2452 1623 2523 ἑξῆς.

329 2539 557 2611 Πάσης
587 2540 930 2612 καμπύλης
961 2545 1284 2614 γραμμῆς,
1318 2541 1460 2611 ἥτις
1492 2541 1672 2597 ἐστὶν
1707 2542 1775 2595 ἐν
1809 2539 1910 2595 ἑνὶ

215 2631 527 2704 ἐπιπέδῳ,
586 2628 945 2701 διάμετρον
991 2633 1163 2687 καλῶ
1218 2630 1325 2685 καὶ
1372 2627 1446 2684 τὰ
1487 2630 1646 2700 ἑξῆς.
1738 2631 1801 2684 τὸ
1849 2630 1911 2684 ἐν

214 2718 300 2773 ἐνὶ
356 2718 593 2793 ἐπιπέδῳ
650 2715 767 2773 εἷπε
822 2718 916 2773 διὰ
964 2717 1068 2789 τὴν
1116 2720 1268 2774 ἕλικα
1314 2721 1414 2773 τοῦ
1461 2721 1771 2789 κυλίνδρου
1816 2717 1909 2773 καὶ

335 2886 375 2925 4.
410 2881 527 2938 ΔΓ]
563 2883 656 2924 ΑΓ
681 2879 804 2937 Wp,
838 2894 953 2925 corr.
988 2859 1162 2926 Comm.
1279 2886 1319 2924 8.
1351 2876 1408 2937 ἡ]
1443 2894 1495 2935 p,
1528 2876 1583 2922 αἲ
1610 2879 1684 2924 W.
1800 2879 1907 2938 ΕΒ]

214 2953 240 2982 e
272 2952 386 2983 corr.
420 2955 462 2996 p.
641 2944 708 2985 13.
758 2940 865 2998 AE]
899 2954 952 2995 p,
993 2943 1034 2984 E
1066 2940 1138 2984 W.
1309 2943 1378 2983 16.
1429 2943 1512 2981 AA
1576 2943 1612 2982 A
1652 2952 1677 2983 e
1710 2951 1826 2984 corr.
1859 2953 1904 2995 p.

274 3002 344 3042 20.
381 2997 468 3043 εἰσι
499 3014 543 3056 p.
667 3004 738 3044 26.
772 2999 825 3050 ξ-
876 3013 969 3055 mg.
1002 2998 1076 3044 W.
1200 3003 1270 3043 28.
1305 2994 1435 3042 εἶπεν
1534 3029 1544 3039 .
