2046 3256
744 154 1122 198 FRAGMENTA.
1672 151 1776 203 109

96 275 366 339 δοθέντος
412 276 643 344 σημείου
691 269 921 326 εὐθεῖαν
968 271 1230 343 γραμμὴν
1279 267 1509 340 ἀγαγεῖν
1553 270 1779 341 τέμνου-

25 375 27 377 ’
97 379 203 429 σαν
250 361 356 416 ἀπὸ
396 363 509 416 τῶν
551 362 833 415 δοθεισῶν
870 359 1027 414 θέσει
1068 358 1171 413 δύο
1212 355 1452 414 εὐθειῶν
1490 360 1627 430 πρὸς
1664 368 1780 422 τοῖς

98 448 179 507 ἐπ’
231 447 415 505 αὐτῶν
463 450 684 503 δοθεῖσι
725 451 971 518 σημείοις
1009 451 1214 517 χωρίον
1254 445 1615 517 περιεχούσας
1653 452 1779 501 ἴσον

97 541 172 614 τῷ
229 536 472 593 δοθέντι.
554 536 647 590 καὶ
698 533 835 605 αὕτη
889 533 950 589 δὲ
988 533 1089 589 διὰ
1137 533 1234 598 τὰς
1280 530 1450 599 αὐτὰς
1496 537 1673 598 αἰτίας
1717 532 1780 589 τὸ

97 629 311 697 πλῆθος
357 628 549 696 ἔσχηκε
594 625 705 679 τῶν
752 622 1139 695 γραφομεἫνων
1217 625 1325 693 ε”χει
1373 621 1433 677 δὲ
1480 621 1543 677 τὸ
1581 621 1683 693 μὲν
1724 620 1779 676 α’

97 717 317 785 βιβλίον
356 715 564 783 χωρίου
603 708 887 782 ἀποτομῆς
924 708 1129 774 τόπους
1169 715 1217 779 ζ,
1264 709 1495 774 πτωσεις
1533 713 1627 779 κδ,
1668 713 1782 765 διο-

101 799 330 874 ρισμοὺς
364 806 404 870 ζ,
446 799 527 855 ῶν
568 803 603 854 δ
635 821 742 907 μεν
782 800 1046 869 μέγιστοι,
1086 809 1232 866 τρεῖς
1265 797 1326 852 δε
1358 797 1651 869 ἐλάχιστοι,
1690 801 1788 852 καί

102 891 213 944 ἐστι
276 889 531 960 μέγιστος
592 887 694 958 μὲν
756 885 894 941 κατὰ
946 885 1048 957 τὴν
1104 886 1368 958 δευτέραν
1421 888 1629 941 πτῶσιν
1683 888 1783 941 τοῦ

11 986 29 1018 '12
99 975 322 1046 πρῶτου
359 974 535 1031 τόπου
574 975 665 1029 καὶ
706 972 734 1030 ὁ
775 973 912 1030 κατὰ
952 972 1054 1046 τὴν
1086 973 1314 1046 πρώτην
1351 976 1562 1029 πτῶσιν
1592 976 1696 1029 τοῦ
1726 972 1781 1043 β’

14 1644 30 1687 τι
27 1594 33 1598 ,
7 1192 37 1572 πῇέῼθῳῑιᾞ-ηηρωῃκςῇμς
15 1101 18 1103 >

101 1063 276 1119 τόπου
307 1063 398 1118 καὶ
431 1060 459 1117 ὁ
493 1061 628 1117 κατὰ
659 1060 760 1132 τὴν
792 1063 850 1133 β’
883 1064 985 1118 τοῦ
1019 1062 1074 1117 δ’
1105 1062 1199 1117 καὶ
1231 1060 1259 1117 ὁ
1294 1063 1431 1117 κατὰ
1460 1061 1562 1133 τὴν
1594 1065 1785 1134 τρίτην

101 1159 200 1206 τοῦ
270 1149 322 1208 ς’
388 1149 596 1220 τόπου,
671 1149 956 1222 ἐλάχιστος
1018 1149 1079 1204 δὲ
1141 1149 1171 1205 ὃ
1232 1149 1370 1206 κατὰ
1431 1148 1533 1220 τὴν
1593 1153 1785 1222 τρίτην

102 1241 310 1294 πτῶσιν
348 1240 449 1294 τοῦ
495 1242 685 1310 τρίτου
732 1238 910 1293 τόπου
955 1238 1047 1292 καὶ
1098 1237 1127 1292 ὃ
1176 1236 1313 1293 κατὰ
1352 1236 1456 1308 τὴν
1496 1238 1551 1292 δ’
1591 1246 1692 1293 τοῦ
1730 1236 1785 1293 δ’

102 1325 275 1381 τόπου
321 1326 412 1380 καὶ
457 1323 485 1381 ὁ
535 1324 673 1381 κατὰ
714 1324 817 1396 τὴν
857 1325 1082 1398 πρῶτην
1119 1329 1220 1382 τοῦ
1261 1327 1420 1381 ἕκτου
1458 1325 1648 1381 τόπου.
1725 1325 1787 1381 τὸ

106 1413 166 1469 δὲ
206 1413 467 1485 δεύτερον
498 1418 718 1484 βιβλίον
750 1416 862 1468 τῶν
892 1418 1099 1486 χωρίου
1131 1413 1413 1485 ἀποτομῆς
1446 1418 1554 1484 ἔχει
1585 1414 1788 1478 τόπους

104 1506 178 1573 ἦ,
218 1501 449 1566 πτώσεις
489 1500 550 1556 δὲ
587 1491 634 1572 ξ,
675 1501 1001 1573 διορισμοὺς
1041 1502 1110 1578 δὲ
1139 1502 1268 1567 τοὺς
1307 1505 1365 1558 ἐκ
1402 1505 1503 1558 τοῦ
1542 1500 1787 1574 πρῶτου·

20 1620 26 1641 2
105 1587 372 1660 ἀπάγεται
409 1612 517 1662 γαρ
558 1593 635 1654 εἰς
674 1588 825 1645 αὐτό.

217 1677 550 1750 Θεωρήματα
584 1677 645 1732 δε
675 1682 783 1748 ἔχει
806 1677 868 1734 τὸ
895 1701 997 1750 μεν
1021 1687 1245 1775 πρῶτον
1271 1682 1591 1750 βιβλίον-
1515 1699 1608 1750 μη,
1639 1676 1701 1734 τὸ
1730 1677 1790 1732 δε

25 1843 27 1846 ⁴
109 1766 371 1838 δεύτερον
411 1769 496 1824 ο-ς.

222 1864 304 1916 14.
343 1863 561 1932 Pappus
602 1861 731 1930 VII,
769 1864 878 1917 232
918 1883 968 1933 p.
1008 1865 1138 1934 918,
1178 1865 1210 1917 9
1253 1883 1353 1934 sq.:

221 1950 523 2018 (problema
576 1951 679 2003 hoc
735 1954 837 2007 est:
902 1952 1028 2006 dato
1076 1955 1184 2006 ΒΓ
1234 1973 1265 2006 a
1311 1954 1436 2006 daiso
1485 1957 1538 2005 E
1588 1955 1790 2005 rectam

748 2068 805 2107 p
861 2045 965 2093 EZ
1004 2041 1082 2093 ita
1123 2040 1312 2094 ducere
1366 2045 1428 2093 ut
1465 2042 1561 2093 fiat

136 2066 178 2105 Z
532 2040 587 2080 Α
1314 2083 1327 2110 7

190 2089 553 2249 v
1113 2127 1532 2200 ZFH=BP)
1602 2191 1604 2193 ,
1863 2198 1869 2202 ¹

430 2089 747 2334 Ar
971 2213 1168 2269 Λοθὲν
1234 2214 1344 2285 ἄρα
1410 2214 1503 2268 καὶ
1564 2218 1625 2269 τὸ
1686 2211 1793 2268 ὑπὸ

316 2256 635 2397 ,Κ
864 2308 1049 2357 ΖΓΗ·
1111 2302 1202 2358 καὶ
1265 2302 1532 2367 δοθέντος
1591 2303 1693 2357 τοῦ
1747 2307 1798 2355 Ε

257 2378 303 2414 Β
462 2413 509 2446 Δ
642 2378 698 2414 Ε

863 2395 939 2455 εἰς
970 2391 1122 2446 θέσει
1156 2391 1255 2454 τὰς
1286 2395 1409 2460 ΑΓ,
1434 2394 1538 2444 ΓΔ
1578 2391 1794 2460 διῆκται

118 2483 193 2546 εἰς
231 2484 440 2552 χωρίου
479 2477 788 2550 ἀποτομήν·
828 2480 982 2534 θέσει
1022 2477 1130 2549 ἄρα
1170 2479 1319 2533 ἐστὶν
1358 2476 1391 2548 ἡ
1433 2483 1551 2532 ΕΖ.

234 2585 312 2637 15.
353 2584 569 2652 Pappus
610 2584 740 2653 VII,
782 2584 848 2636 67
889 2602 936 2651 p.
982 2584 1109 2652 702,
1148 2584 1218 2636 28
1260 2601 1357 2651 sq.:

223 2668 593 2739 Ἐπιστήσειεν
627 2668 697 2724 ἄν
729 2690 823 2740 τις,
865 2667 956 2723 διὰ
986 2673 1044 2723 τί
1069 2688 1199 2724 ποτε
1231 2667 1332 2739 μὲν
1364 2671 1426 2723 τὸ
1459 2666 1633 2736 λόγου
1665 2663 1795 2720 ἀπο-

237 2791 262 2829 5
283 2788 653 2843 sq.repe1:un†,ur
683 2785 845 2843 paucis
877 2784 1068 2829 mutatis
1100 2784 1450 2841 Papp.V11,66
1483 2797 1527 2838 p.
1555 2786 1651 2826 702.
1756 2785 1796 2827 8.

125 2860 148 2908 ὁ
173 2866 292 2909 κατά
325 2882 369 2923 p.
390 2871 491 2923 702,
516 2870 586 2910 21.
687 2863 824 2937 9.β’]
861 2865 1028 2920 Halley
1031 2865 1121 2921 ,’δ
1151 2865 1283 2910 codd.
1386 2867 1452 2907 15.
1484 2863 1527 2920 ξ]
1561 2863 1743 2918 HaHey,
1776 2867 1800 2916 ζ

123 2923 252 2968 codd.
345 2930 414 2969 24.
440 2925 547 2982 καί]
574 2923 655 2969 καὶ
679 2922 773 2968 ἀπό
800 2879 1040 2968 ΗυΙίιεοΗ-ῩῙ,
1105 2928 1174 2967 25
1202 2921 1289 2979 εἰς]
1323 2918 1350 2978 ἡ
1380 2925 1467 2966 ΕΖ
1495 2921 1560 2972 εἰς
1583 2920 1794 2966 Hultsch.

1819 1075 1874 1115 10

1823 1520 1876 1559 15

1824 1966 1880 2006 20

1826 2406 1880 2446 25
