2020 3236
269 136 380 190 304
740 137 1181 181 COMMENTARIA
1211 138 1496 191 ANTIQUA.

380 252 578 311 κοινὸν
609 258 966 327 προσκείσθω
1006 253 1068 311 τὸ
1107 256 1231 319 ΞΘ·
1272 252 1409 311 ὅλον
1448 255 1559 326 ἄρα
1596 255 1660 311 τὸ
1699 256 1810 319 ΛΞ
1843 262 1971 312 ἴσον

271 344 385 401 ἐστὶ
424 347 501 419 τῷ
541 346 642 406 ΞΘ
680 344 772 399 καὶ
811 350 887 399 M
889 349 953 415 Ο,
992 345 1242 400 τουτέστι
1295 347 1370 420 τῷ
1412 349 1518 399 ΘΟ
1555 344 1648 399 καὶ
1686 349 1811 400 ΠΡ.
1873 348 1974 400 καί

271 436 387 490 ἐστι
433 432 496 488 τὸ
545 432 648 504 μὲν
695 434 805 496 ΛΞ
847 434 908 489 τὸ
955 431 1064 489 ὑπὸ
1111 436 1225 489 τῶν
1272 438 1486 504 ΛΜΚ,
1532 432 1596 489 τὸ
1645 432 1708 489 δὲ
1754 437 1861 489 ΘΟ
1904 432 1969 490 τὸ

270 520 380 578 ὑπὸ
425 526 617 593 ΘΚΕ,
662 521 724 578 τὸ
774 521 836 577 δὲ
875 528 991 577 ΠΡ
1030 521 1092 578 τὸ
1133 519 1242 578 ὑπὸ
1283 528 1467 578 ΘΜΕ
1512 521 1822 592 [τουτέστιν
1861 518 1970 578 ὑπὸ

212 622 239 662 5
273 612 476 679 ΠΞΡ].

378 704 494 755 ἔστι
535 699 598 755 δὲ
635 700 727 756 καὶ
767 698 949 765 ἄλλως
990 702 1164 768 δεῖξαι
1202 698 1266 756 τὸ
1306 697 1460 757 αὐτό.

384 787 680 859 τετμήσθω
729 786 763 860 ἡ
812 795 951 844 MN
991 791 1119 860 δίχα
1165 788 1303 844 κατὰ
1349 793 1411 845 τὸ
1450 795 1517 845 Σ.
1594 791 1844 861 φανερὸν
1884 787 1974 861 δή,

278 875 364 933 ὅτι
409 878 502 933 καὶ
549 875 582 948 ἡ
625 882 744 933 ΛΚ
789 881 916 949 δίχα
963 879 1222 950 τέτμηται
1260 877 1399 933 κατὰ
1437 876 1500 934 τὸ
1544 883 1616 950 Σ,
1654 877 1748 933 καὶ
1789 875 1874 933 ὅτι
1911 880 1974 933 τὸ

274 964 383 1022 ὑπὸ
425 972 598 1022 ΘΚΕ
643 973 769 1022 ἴσον
819 966 936 1022 ἐστὶ
980 970 1056 1043 τῷ
1104 964 1214 1022 ὑπὸ
1257 972 1451 1023 ΛΕΚ·
1501 973 1593 1038 ἴση
1640 964 1746 1038 γὰρ
1786 963 1821 1038 ἡ
1861 971 1975 1022 ΘΚ

187 1066 243 1105 10
274 1057 339 1127 τῇ
380 1060 505 1110 ΛΕ.
582 1054 674 1110 καὶ
723 1055 835 1110 ἐπεὶ
885 1052 919 1126 ἡ
961 1061 1079 1110 ΛΚ
1121 1056 1379 1126 τέτμηται
1427 1059 1505 1121 εἰς
1553 1054 1656 1127 μὲν
1704 1061 1800 1111 ἴσα
1836 1053 1975 1111 κατὰ

272 1143 335 1199 τὸ
369 1149 439 1213 Σ,
480 1146 558 1209 εἰς
598 1143 661 1199 δὲ
691 1141 860 1199 ἄνισα
891 1142 1029 1198 κατὰ
1062 1142 1125 1200 τὸ
1160 1150 1234 1214 Ε,
1266 1143 1329 1199 τὸ
1360 1142 1470 1200 ὑπὸ
1503 1150 1556 1199 Λ
1566 1149 1682 1199 ΕΚ
1707 1145 1843 1216 μετὰ
1872 1146 1974 1199 τοῦ

273 1231 382 1288 ἀπὸ
423 1238 539 1287 ΣΕ
576 1239 703 1288 ἴσον
743 1233 857 1288 ἐστὶ
897 1236 973 1307 τῷ
1014 1230 1123 1288 ἀπὸ
1164 1238 1296 1288 ΚΣ.
1364 1231 1427 1289 τὸ
1469 1231 1531 1288 δὲ
1562 1231 1671 1289 ἀπὸ
1705 1238 1821 1288 ΣΕ
1847 1239 1974 1288 ἴσον

274 1321 388 1377 ἐστὶ
419 1324 495 1397 τῷ
530 1319 638 1377 ὑπὸ
671 1327 854 1376 ΘΜΕ
879 1321 972 1376 καὶ
1004 1324 1080 1397 τῷ
1114 1319 1223 1377 ἀπὸ
1259 1327 1407 1377 ΣΜ·
1447 1319 1587 1378 ὥστε
1616 1320 1680 1378 τὸ
1714 1319 1823 1377 ἀπὸ
1855 1326 1978 1376 ΣΚ

276 1416 403 1464 ἴσον
435 1409 550 1464 ἐστὶ
581 1412 658 1482 τῷ
691 1431 750 1464 τε
781 1406 890 1465 ὑπὸ
923 1415 975 1465 Λ
986 1415 1116 1479 ΕΚ,
1147 1409 1398 1465 τουτέστι
1427 1412 1504 1485 τῷ
1529 1407 1638 1466 ὑπὸ
1663 1415 1775 1465 ΘΚ
1783 1416 1850 1481 Ε,
1879 1410 1974 1465 καὶ

189 1509 243 1549 15
274 1501 350 1573 τῷ
392 1495 500 1554 ὑπὸ
537 1505 719 1554 ΘΜΕ
745 1499 839 1553 καὶ
870 1501 945 1573 τῷ
979 1496 1087 1554 ἀπὸ
1118 1503 1260 1554 EM.
1331 1499 1425 1553 διὰ
1457 1496 1633 1554 ταύτὰ
1667 1499 1735 1569 δὴ
1770 1501 1832 1554 τὸ
1865 1495 1973 1553 ἀπὸ

274 1593 394 1642 ΣΚ
425 1594 551 1642 ἴσον
583 1587 699 1642 ἐστὶ
729 1590 805 1662 τῷ
838 1584 948 1642 ὑπὸ
980 1592 1174 1642 ΛΜΚ
1202 1587 1294 1641 καὶ
1325 1589 1400 1661 τῷ
1433 1586 1542 1642 ἀπὸ
1566 1593 1716 1643 ΣΜ·
1748 1584 1887 1643 ὥστε
1910 1589 1973 1643 τὸ

273 1674 382 1731 ὑπὸ
424 1682 586 1731 ΘΚΕ
622 1676 756 1746 μετὰ
796 1678 898 1731 τοῦ
936 1673 1045 1731 ὑπὸ
1077 1680 1258 1730 ΘΜΕ
1285 1675 1378 1729 καὶ
1410 1678 1514 1730 τοῦ
1546 1673 1652 1731 ἀπὸ
1689 1681 1824 1732 ΣΜ
1845 1683 1972 1732 ἴσον

275 1764 390 1820 ἐστὶ
422 1766 496 1839 τῷ
530 1761 639 1819 ὑπὸ
666 1770 717 1819 Λ
726 1769 800 1819 Μ
801 1770 859 1819 Κ
886 1765 979 1819 καὶ
1003 1766 1079 1839 τῷ
1104 1761 1212 1819 ἀπὸ
1240 1769 1298 1818 Σ
1306 1769 1383 1818 Μ
1435 1762 1629 1819 κοινὸν
1653 1760 1972 1837 ἀφῃρήσθω

274 1857 336 1908 τὸ
377 1850 484 1908 ἀπὸ
520 1857 669 1908 ΣΜ·
709 1850 909 1907 λοιπὸν
949 1850 1059 1922 ἄρα
1098 1849 1160 1907 τὸ
1202 1849 1311 1906 ὑπὸ
1347 1857 1520 1906 ΘΚΕ
1554 1853 1688 1923 μετὰ
1727 1854 1829 1907 τοῦ
1860 1849 1970 1908 ὑπὸ

188 1951 246 1991 20
279 1947 462 1997 ΘΜΕ
500 1949 626 1996 ἴσον
667 1941 780 1996 ἐστὶ
819 1943 894 2015 τῷ
935 1937 1045 1995 ὑπὸ
1087 1944 1288 1994 ΛΜΚ.

939 2134 1049 2196 Εἰς
1086 2130 1155 2186 τὸ
1195 2130 1310 2186 κδ’.

387 2259 498 2307 Δεῖ
525 2248 966 2322 σημειώσασθαι,
1000 2247 1085 2304 ὅτι
1118 2247 1465 2320 συμπτώσεις
1487 2254 1647 2303 καλεῖ
1666 2247 1731 2304 τὰ
1757 2259 1972 2320 σημεῖα,

272 2337 404 2395 καθ’
443 2337 477 2394 ἃ
511 2338 897 2410 συμβάλλουσι
928 2346 994 2410 τῇ
1028 2340 1167 2409 τομῇ
1202 2339 1264 2392 αἱ
1285 2345 1338 2392 Α
1347 2343 1411 2406 Β,
1445 2341 1555 2391 ΓΔ
1586 2334 1818 2392 εὐθεῖαι.
1879 2336 1973 2391 καὶ

398 2579 436 2617 1.
462 2574 783 2632 προσκείσθω]
812 2574 992 2630 scripsi,
1017 2577 1284 2631 apponatur
1307 2572 1499 2627 Comm.,
1522 2587 1570 2616 τε
1597 2567 1800 2616 ἕκείσθω
1821 2570 1896 2628 W,
1921 2586 1971 2614 τε

276 2630 511 2678 ἐκκείσθω
529 2647 574 2690 p.
668 2638 709 2678 2.
731 2628 855 2677 ἐστίν
872 2632 946 2677 W.
1038 2637 1096 2676 Μ
1105 2632 1165 2689 Ο]
1185 2632 1290 2675 ΜΘ
1306 2631 1421 2687 Wp,
1446 2643 1563 2676 corr.
1581 2630 1757 2676 Comm.
1841 2645 1972 2674 τουτ-

277 2693 403 2736 έστιν
421 2692 495 2736 W.
598 2691 713 2749 ΘΟ]
747 2704 878 2735 euan.
905 2706 950 2748 p.
1053 2696 1091 2735 3.
1128 2687 1254 2736 ἐστιν
1278 2690 1350 2733 W.
1451 2687 1503 2732 τό
1531 2689 1741 2747 (quart.)]
1773 2688 1835 2746 τῷ
1862 2688 1972 2745 Wp,

275 2765 390 2795 corr.
408 2750 591 2806 Halley.
685 2756 726 2796 4.
752 2749 965 2808 16(a1t.)]
990 2751 1051 2810 τῷ
1069 2750 1183 2807 Wp,
1210 2762 1323 2793 corr.
1342 2747 1524 2804 Halley.
1616 2747 1855 2792 τουτέστιν
1875 2742 1970 2790 ὑπὸ

275 2810 444 2868 ΠΞΡ]
479 2824 569 2854 om.
603 2810 795 2864 Comm.,
834 2808 1020 2865 Halley.
1161 2814 1200 2852 6.
1236 2805 1360 2851 ἔστιν
1393 2807 1467 2850 W.
1606 2811 1646 2851 7.
1678 2806 1749 2865 Σ]
1783 2808 1824 2850 Ε
1854 2805 1970 2862 Wp,
2018 2833 2020 2854 2

276 2883 390 2913 corr.
412 2871 586 2913 Comm.
695 2873 736 2913 8.
769 2870 850 2912 καὶ
880 2864 931 2925 ἡ]
966 2869 1021 2926 τῇ
1056 2869 1163 2924 post
1186 2866 1273 2911 lac.
1304 2871 1329 2910 3
1355 2864 1447 2910 litt.
1474 2865 1549 2920 W,
1581 2862 1610 2921 ἡ
1642 2879 1696 2921 p;
1728 2869 1771 2909 et
1794 2863 1969 2909 Comm.
2019 2877 2020 2883 ¹

336 2928 404 2985 Σ]
441 2929 536 2972 ΘΣ
563 2928 681 2984 Wp,
715 2942 828 2972 corr.
856 2926 1031 2971 Comm.
1156 2930 1197 2970 9.
1231 2921 1356 2970 ἐστίν
1380 2925 1454 2969 W.
1576 2924 1744 2982 ΛΕΚ]
1778 2937 1892 2969 corr.
1915 2936 1973 2967 ex
