2046 3256
444 152 693 195 Euroon
725 153 1162 196 ooMMENTARIA
1192 154 1257 196 IN
1290 153 1526 196 ooNICA.
1712 150 1815 203 189

136 276 377 327 centrum
418 273 489 326 sit
522 275 580 342 Γ,
621 275 674 325 et
711 275 969 341 punctum
1011 272 1224 341 aliquod
1266 271 1493 324 sublime
1525 275 1595 340 A,
1635 272 1815 325 ducta-

136 380 239 430 que
274 365 381 414 AB
422 361 477 414 in
516 361 782 413 infinitum
823 360 1150 429 producatur
1189 360 1245 411 in
1284 364 1567 429 utramque
1606 363 1816 429 partem

793 453 853 501 ut
886 449 952 500 ad
984 452 1047 518 Ε,
1080 452 1138 501 Ζ.
1203 449 1248 500 si
1280 448 1450 517 igitur
1481 452 1731 501 manente
1763 453 1818 500 A

793 538 1097 590 monebitur
1128 541 1183 588 A
1193 541 1253 604 Β,
1295 537 1462 590 donec
1494 540 1541 588 Β
1580 556 1676 605 per
1707 556 1817 589 am-

794 627 971 678 bitum
1035 626 1218 678 circuli
1272 629 1378 678 AB
1434 627 1818 679 circumactum

794 733 979 767 rursus
1024 715 1088 766 ad
1146 714 1370 766 eundem
1418 714 1596 767 locum
1634 732 1819 783 perue-

793 803 930 868 niat,
985 803 1122 855 unde
1169 802 1374 856 moueri
1421 806 1671 870 coeptum
1723 805 1819 870 est,

797 891 1132 960 superficiem
1155 891 1424 960 quandam
1447 890 1658 957 efficiet,
1684 908 1820 959 quae

798 998 861 1032 ex
900 981 1106 1032 duabus
1156 980 1536 1048 superficiebus
1583 978 1724 1030 inter
1764 997 1820 1031 se

796 1069 852 1120 in
896 1074 948 1121 A
994 1069 1343 1138 tangentibus
1385 1068 1684 1135 composita
1724 1070 1822 1134 est,

799 1175 958 1225 quam
1000 1158 1336 1226 superficiem
1377 1157 1614 1209 conicam
1647 1158 1820 1208 uocat.

800 1245 929 1297 dicit
969 1249 1149 1298 autem
1196 1245 1240 1312 [I
1279 1265 1329 1315 p.
1362 1246 1412 1315 6,
1451 1245 1483 1297 9
1527 1246 1654 1314 sq.]‚
1703 1262 1822 1296 eam

798 1334 854 1385 in
894 1334 1168 1385 infinitum
1209 1351 1460 1402 crescere,
1501 1333 1645 1401 quod
1675 1336 1823 1385 recta

801 1440 918 1475 eam
959 1423 1266 1475 describens
1307 1425 1369 1474 ut
1402 1424 1512 1473 AB
1552 1423 1608 1473 in
1644 1421 1822 1473 infini-

796 1513 913 1563 tum
952 1511 1292 1579 producatur.
1349 1511 1608 1563 uerticem
1643 1513 1823 1562 autem

800 1600 1102 1667 superficiei
1152 1601 1409 1667 punctum
1451 1603 1505 1650 A
1558 1601 1718 1651 uocat
1772 1601 1826 1651 et

802 1706 952 1740 axem
989 1689 1106 1740 ΔΓ
1141 1686 1189 1753 [Ι
1229 1707 1278 1756 p.
1312 1688 1363 1756 6,
1404 1688 1468 1739 11
1513 1689 1633 1755 sq.].

145 1810 185 1852 Ζ
913 1793 1105 1827 conum
1157 1779 1335 1829 autem
1390 1778 1550 1828 uocat
1605 1775 1653 1840 [I
1693 1794 1742 1843 p.
1778 1775 1826 1843 6,

806 1864 874 1916 14
918 1865 1023 1932 sq.]
1088 1863 1320 1932 figuram
1384 1862 1825 1932 comprehensam

143 1952 340 2005 circulo
388 1955 503 2004 AB
554 1954 608 2003 et
655 1952 956 2021 superficie,
1010 1970 1171 2020 quam
1220 1951 1475 2004 describit
1524 1954 1671 2004 recta
1717 1954 1826 2003 AB

146 2040 276 2109 sola,
315 2039 571 2092 uerticem
611 2043 788 2092 autem
829 2040 948 2092 coni
982 2044 1050 2104 A,
1090 2058 1244 2092 axem
1283 2042 1459 2092 autem
1490 2042 1613 2109 ΔΓ,
1652 2041 1826 2093 basim

144 2131 324 2180 autem
363 2127 622 2180 circulum
661 2131 785 2179 AB.
1563 2192 1566 2195 ι

258 2218 311 2267 et
365 2214 412 2267 si
467 2219 520 2266 A
533 2216 581 2266 Γ
629 2214 696 2266 ad
751 2215 1005 2267 circulum
1057 2219 1166 2267 AB
1220 2215 1673 2284 perpendicularis
1730 2220 1828 2284 est,

148 2322 342 2356 conum
384 2307 585 2355 rectum
626 2306 787 2356 uocat
827 2302 876 2371 [I
914 2321 964 2371 p.
997 2303 1048 2372 6,
1086 2304 1159 2356 20
1200 2305 1317 2372 sq.],
1358 2304 1442 2355 sin
1481 2304 1828 2373 perpendicu-

147 2392 276 2444 laris
308 2410 419 2444 non
453 2395 551 2460 est,
583 2391 885 2460 obliquum;
920 2392 1170 2461 obliquus
1204 2396 1384 2445 autem
1416 2410 1582 2445 conus
1612 2393 1829 2462 orietur,

149 2481 196 2533 si
259 2482 473 2547 sumpto
538 2480 734 2533 circulo
797 2499 828 2532 a
891 2482 1073 2532 centro
1127 2482 1330 2532 rectam
1385 2481 1703 2533 erexerimus
1763 2480 1830 2533 ad

151 2569 372 2636 planum
416 2566 600 2619 circuli
639 2586 744 2619 non
787 2566 1301 2636 perpendicularem,
1347 2570 1400 2619 et
1438 2587 1470 2620 a
1509 2571 1704 2636 puncto
1745 2586 1829 2619 su-

150 2655 304 2707 blimi
360 2658 536 2707 rectae
593 2658 795 2708 erectae
851 2655 917 2706 ad
973 2655 1229 2707 circulum
1275 2658 1476 2708 rectam
1524 2656 1828 2707 duxerimus

153 2744 473 2811 ductamque
489 2746 691 2795 rectam
708 2762 804 2812 per
821 2743 1079 2796 circulum
1095 2743 1292 2795 circum
1300 2745 1563 2812 egerimus
1579 2746 1829 2795 manente

153 2849 215 2883 eo
243 2833 461 2900 puncto,
478 2831 620 2899 quod
645 2831 710 2883 ad
735 2833 996 2899 punctum
1014 2831 1242 2883 sublime
1261 2835 1439 2884 rectae
1458 2834 1664 2882 erectae
1686 2832 1830 2898 posi-

153 2922 270 2970 tum
297 2921 399 2986 est3
424 2935 551 2970 nam
569 2919 743 2986 figura
758 2919 835 2971 ita
854 2919 1241 2987 comprehensa
1263 2937 1426 2971 conus
1447 2920 1549 2971 erit
1567 2919 1831 2987 obliquus,

630 500 690 540 Ε

714 1645 747 1685 4
