2046 3256
139 1205 194 1243 10

135 1663 190 1702 15

130 2107 189 2146 20

129 2549 188 2588 25

236 116 342 169 154
501 142 505 148 ·
709 117 1147 161 COMMENTARIA
1178 117 1458 170 ANTIQUA.

233 233 318 292 ὅτι
356 235 417 292 τὸ
458 233 568 291 ὑπὸ
608 237 720 290 τῶν
746 239 911 289 ΑΕΒ
954 242 1079 290 ἴσον
1112 234 1264 291 ἐστὶν
1295 237 1371 310 τῷ
1394 256 1453 290 τε
1484 230 1595 291 ὗπὸ
1618 236 1732 292 τῶν
1757 241 1930 292 ΓΕΔ

229 324 321 380 καὶ
359 327 434 401 τῷ
475 322 584 379 ὑπὸ
625 328 802 379 ΔΑΓ.

498 433 533 517 2⁴
807 430 851 516 π
907 429 948 516 Ε,
1071 431 1105 517 Ζ.
1296 432 1338 518 ⁴(
1622 431 1658 518 1?

342 559 633 633 τετμήσθω
674 559 781 634 γὰρ
821 559 855 634 ἡ
895 566 1000 618 ΓΔ
1041 566 1193 634 δίχα,
1243 560 1392 629 ὅπως
1432 559 1502 619 ἂν
1543 567 1637 637 ἔχῃ
1678 560 1752 631 ὡς
1789 564 1929 636 πρὸς

227 651 290 707 τὸ
323 657 376 706 Ε
412 661 663 722 σημεῖον,
702 649 842 707 κατὰ
878 650 941 707 τὸ
976 657 1042 705 Ζ·
1082 651 1175 706 καὶ
1216 649 1316 723 ὅλη
1359 652 1468 724 ἄρα
1507 650 1541 723 ἡ
1575 658 1685 707 ΑΖ
1722 655 1788 724 τῇ
1824 659 1926 708 ΖΒ

230 747 320 811 ἴση
362 740 528 796 ἐστίν.
596 738 659 794 τὸ
699 739 801 811 μὲν
842 737 951 811 ἄρα
990 738 1100 796 ὑπὸ
1142 746 1308 795 ΑΕΒ
1357 739 1492 812 μετὰ
1531 744 1632 797 τοῦ
1671 738 1780 798 ἀπὸ
1820 747 1927 797 ΕΖ

229 836 356 884 ἴσον
388 828 539 884 ἐστὶν
578 831 653 903 τῷ
693 827 802 884 ἀπὸ
836 835 944 885 ΑΖ
987 831 1253 901 [Eu01.11'‚
1286 832 1363 900 5]‚
1403 828 1465 885 τὸ
1508 829 1571 885 δὲ
1607 827 1719 887 ὑπὸ
1762 836 1934 887 ΔΑΓ

228 916 362 987 μετὰ
403 921 504 973 τοῦ
544 917 651 973 ἀπὸ
677 923 778 973 ΓΖ
819 924 946 974 ἴσον
980 918 1132 974 ἐστὶν
1163 921 1238 993 τῷ
1274 916 1379 974 ἀπὸ
1406 925 1514 973 ΑΖ
1547 921 1721 989 [Eucl.
1746 921 1818 992 II,
1844 923 1926 990 6]-

229 1005 369 1062 ὥστε
407 1009 470 1063 τὸ
509 1004 618 1062 ὑπὸ
658 1012 827 1062 ΑΕΒ
874 1008 1011 1078 μετὰ
1048 1010 1149 1064 τοῦ
1189 1005 1296 1062 ἀπὸ
1338 1014 1442 1063 ΕΖ
1490 1015 1615 1064 ἴσον
1656 1008 1808 1065 ἐστὶν
1848 1017 1925 1083 τῷ

226 1094 334 1151 ὑπὸ
376 1101 547 1151 ΔΑΓ
585 1096 678 1151 καὶ
725 1100 800 1171 τῷ
850 1094 956 1152 ἀπὸ
998 1101 1114 1154 ΓΖ.
1197 1094 1339 1153 ἀλλὰ
1385 1095 1449 1153 τὸ
1496 1095 1607 1161 ἀπὸ
1647 1102 1748 1154 ΓΖ
1796 1104 1926 1154 ἴσον

229 1185 379 1240 ἐστὶν
419 1193 495 1260 τῷ
534 1207 591 1241 τε
631 1185 739 1241 ὑπὸ
780 1191 950 1241 ΓΕΔ
987 1186 1079 1241 καὶ
1118 1195 1194 1261 τῷ
1235 1184 1344 1242 ἀπὸ
1386 1192 1491 1241 ΕΖ
1531 1189 1708 1256 [Eucl.
1738 1189 1810 1259 II,
1841 1190 1924 1257 5]·

225 1275 317 1330 καὶ
348 1275 545 1330 κοινὸν
579 1273 897 1348 ἀφῃρήσθω
929 1274 991 1331 τὸ
1027 1273 1134 1331 ἀπὸ
1164 1281 1268 1330 ΕΖ
1305 1274 1683 1347 τετράγωνον·
1723 1275 1924 1332 λοιπὸν

225 1364 335 1433 ἄρα
380 1361 443 1419 τὸ
491 1362 600 1419 ὑπὸ
642 1369 807 1419 ΑΕΒ
865 1371 992 1419 ἴσον
1040 1364 1191 1420 ἐστὶν
1237 1367 1313 1440 τῷ
1353 1387 1411 1420 τε
1457 1362 1567 1421 ὑπὸ
1607 1369 1779 1420 ΓΕΔ
1831 1365 1923 1421 καὶ

224 1456 299 1528 τῷ
341 1449 450 1508 ὑπὸ
490 1458 670 1509 ΔΑΓ.

337 1556 399 1612 ε’.
442 1555 622 1613 ’Έστω
665 1557 769 1612 δύο
810 1562 1056 1628 τρίγωνα
1095 1556 1161 1613 τὰ
1201 1563 1383 1629 ΑΒΓ,
1417 1559 1610 1629 ΔΕΖ,
1649 1558 1743 1614 καὶ
1783 1563 1922 1615 ἔστω

225 1652 316 1717 ἴση
357 1643 391 1716 ἡ
433 1644 536 1717 μὲν
574 1651 628 1701 Γ
659 1649 726 1719 τῇ
768 1652 830 1718 Ζ,
870 1651 1071 1719 μείζων
1111 1647 1172 1703 δὲ
1211 1647 1245 1718 ἡ
1290 1654 1335 1702 Β
1375 1650 1473 1718 τῆς
1512 1654 1582 1703 E·
1625 1645 1710 1704 ὅτι
1748 1645 1782 1720 ἡ
1820 1653 1932 1704 ΒΓ

222 1732 358 1806 πρὸς
409 1740 517 1790 TA
571 1734 728 1790 ἐλάσ-
1034 1797 1091 1836 A

223 1840 362 1878 σουα
402 1822 573 1894 λόγον
618 1828 727 1895 ἔχει
1671 1863 1719 1901 A

221 1910 359 1984 ἥπερ
392 1910 425 1983 ἡ
452 1918 556 1967 ΕΖ
591 1911 729 1984 πρὸς
1156 1914 1168 1925 ’

222 2006 344 2055 ZA'
871 1941 1273 2156 Δ

334 2090 649 2146 συνεστάτω
671 2094 736 2163 τῇ
804 2137 850 2175 B
1280 2136 1329 2175 p
1351 2135 1404 2174 Ε
1852 2133 1900 2170 Z

222 2184 274 2232 E
323 2183 503 2254 γωνίᾳ
558 2187 649 2251 ἴση
701 2177 735 2250 ἡ

221 2264 332 2323 ὑπὸ
374 2273 566 2323 ΓΒΗ·
623 2272 773 2323 ἔστιν
822 2267 882 2323 δὲ
925 2267 1018 2323 καὶ
1056 2266 1090 2339 ἡ
1133 2273 1186 2323 Γ
1230 2275 1296 2341 τῇ
1338 2274 1382 2322 Ζ
1431 2274 1546 2339 ἴση·
1601 2271 1752 2324 ἔστιν
1792 2266 1919 2340 ἄρα,

223 2354 353 2427 ὦςὴ
381 2361 494 2411 ΒΓ
515 2358 655 2427 πρὸς
679 2361 807 2428 ΓΗ,
841 2354 1019 2422 οὕτως
1042 2357 1075 2429 ἡ
1099 2363 1202 2412 ΕΖ
1235 2355 1373 2430 πρὸς
1399 2362 1509 2411 ΖΔ
1542 2358 1716 2425 [Eucl.
1733 2358 1828 2427 VI,
1843 2359 1920 2426 4].

222 2444 362 2500 ἀλλὰ
404 2442 437 2516 ἡ
480 2450 593 2500 ΒΓ
629 2447 769 2516 πρὸς
807 2444 910 2516 τὴν
950 2451 1051 2502 ΓΑ
1097 2445 1376 2501 ἐλάσσονα
1414 2445 1588 2516 λόγον
1629 2449 1738 2517 ἔχει
1777 2445 1917 2517 ’ἤπερ

223 2531 255 2604 ἡ
297 2538 408 2588 ΒΓ
445 2532 582 2605 πρὸς
631 2538 749 2589 ΓΗ
790 2537 965 2603 [Euel.
997 2537 1064 2602 V,
1104 2538 1183 2605 8]·
1240 2535 1332 2590 καὶ
1378 2532 1412 2605 ἡ
1460 2539 1570 2590 ΒΓ
1615 2533 1726 2606 ἄρα
1779 2532 1920 2605 πρὸς

223 2628 322 2678 ΓΑ
362 2621 636 2678 ἐλάσσονα
676 2622 849 2694 λόγον
890 2628 998 2694 ἔχει
1038 2621 1175 2697 ’ἤπερ
1216 2621 1250 2695 ἡ
1291 2629 1396 2678 ΕΖ
1434 2621 1573 2695 πρὸς
1613 2629 1738 2679 ΖΔ.

335 2727 400 2785 ς’.
450 2727 644 2798 Ἐχέτω
680 2724 749 2797 δὴ
782 2725 951 2781 πάλιν
984 2725 1017 2798 ἡ
1045 2732 1154 2783 ΒΓ
1186 2728 1324 2798 πρὸς
1347 2732 1448 2782 ΓΑ
1486 2731 1710 2798 μείζονα
1742 2725 1917 2798 λόγον

342 2909 382 2948 3.
418 2900 543 2956 ὅπως
574 2930 630 2937 ——
662 2908 702 2949 4.
737 2904 951 2963 σημεῖον]
988 2904 1077 2949 del.
1111 2904 1325 2950 Hultsch.
