2034 3216
623 161 979 204 coNICORUM
1008 161 1190 202 LIBER
1219 161 1295 204 IV.
1725 156 1795 207 35

230 280 364 349 dico,
401 282 602 333 rectam
642 296 738 348 per
776 281 978 348 puncta
1008 281 1077 347 K,
1108 282 1173 331 H
1205 278 1418 331 ductam
1451 294 1569 330 cum
1603 277 1796 329 sectio-

110 387 177 422 ne
217 386 531 422 concurrere
570 367 992 436 parallelamque
1033 384 1149 419 esse
1191 367 1549 435 asymptotae,
1595 364 1651 416 in
1691 381 1796 432 qua

111 457 182 509 sit
225 458 482 525 punctum
522 460 599 523 A,
648 458 954 523 rectamque
995 473 1027 507 a
1063 456 1263 522 puncto
1304 470 1593 506 concursus
1633 452 1700 504 ad
1740 457 1795 504 A

110 544 325 598 ductam
368 544 659 596 sectionem
699 544 1024 612 contingere.

220 633 445 685 ducatur
476 632 618 684 enim
652 632 971 701 contingens
1005 634 1060 682 A
1070 633 1129 699 Z,
1166 632 1220 681 et
1252 648 1283 681 a
1316 632 1359 680 Z
1391 631 1540 681 recta
1571 629 1795 681 ducatur

108 721 372 790 parallela
404 722 764 789 asymptotae,
796 720 851 771 in
886 737 991 788 qua
1023 720 1104 771 est
1135 720 1390 786 punctum
1423 720 1478 768 A
1488 737 1499 785 3
1536 735 1598 769 ea
1628 717 1796 786 igitur

108 827 202 878 per
233 811 300 878 K,
331 810 397 860 H
428 807 621 861 ueniet.
682 826 809 860 nam
851 807 896 860 si
935 809 1127 875 minUS,
1170 805 1418 874 absurda,
1459 823 1592 874 quae
1633 807 1794 857 antea

23 936 25 938 ·
109 896 361 965 diximus,
402 897 650 949 euenient
692 895 812 965 [III,
851 896 961 961 36].

867 1042 1036 1094 XXII.

219 1145 337 1198 Iam
361 1144 547 1198 eodem
570 1144 729 1197 modo
757 1144 866 1195 sint
889 1143 1198 1212 propositae
1225 1141 1487 1195 sectiones
1513 1143 1793 1210 oppositae

18 1239 30 1283 {⁵
110 1236 571 1303 asymptotaeque,
605 1235 660 1284 et
690 1234 949 1300 punctum
975 1235 1030 1282 A
1063 1230 1248 1284 eodem
1281 1229 1440 1282 modo
1457 1226 1501 1299 1)
1537 1232 1794 1299 sumatur,

16 1376 27 1402 L
110 1325 162 1375 et
185 1323 342 1374 ΓΔΘ
376 1321 638 1374 sectiones
673 1337 874 1387 secans,
908 1322 1017 1370 AB
1051 1321 1231 1370 autem
1267 1317 1424 1369 alteri
1452 1319 1792 1385 asymptotae

26 1463 27 1466 ,
110 1410 390 1478 parallela,
424 1409 597 1477 sitque
631 1410 731 1460 ΓΔ
755 1427 766 1459 :
792 1410 847 1458 A
857 1410 902 1459 Θ
928 1432 996 1449 =
1021 1408 1135 1458 ΓΗ
1157 1425 1168 1458 :
1193 1408 1320 1474 ΗΘ,
1352 1408 1407 1457 et
1437 1408 1550 1456 ΒΚ
1573 1430 1642 1448 =
1669 1407 1792 1456 ΔΒ.

222 2216 360 2284 dico,
413 2219 613 2268 rectam
659 2232 754 2283 per
793 2217 869 2282 Κ,
901 2217 965 2266 Η
1003 2213 1217 2266 ductam
1265 2231 1385 2265 cum
1431 2214 1655 2279 utraque
1702 2228 1790 2279 op-

27 2330 45 2358 ς
109 2303 287 2370 posita
325 2320 652 2371 concurrere,
693 2305 744 2354 et
783 2305 958 2354 rectas
999 2320 1031 2352 a
1069 2301 1281 2369 punctis
1315 2317 1602 2353 concursus
1635 2298 1702 2352 ad
1735 2302 1791 2349 A

111 2390 294 2443 ductas
337 2390 613 2459 oppositas
653 2390 979 2459 contingere.

223 2477 483 2530 ducantur
515 2478 884 2547 contingentes
917 2479 1043 2545 AE,
1070 2479 1123 2527 Δ
1134 2479 1193 2544 Ζ,
1225 2475 1552 2543 ducatui-que
1583 2477 1687 2526 EZ
1721 2476 1789 2541 et,

51 2572 55 2578 ’
112 2566 157 2617 si
202 2565 319 2617 fieri
364 2568 567 2634 potest,
620 2583 716 2633 per
757 2567 832 2633 K,
865 2567 929 2616 H
966 2581 1032 2615 ne
1081 2563 1258 2631 cadat,
1315 2563 1406 2615 sed
1445 2564 1539 2614 aut
1577 2579 1672 2630 per
1711 2560 1789 2611 al-

233 2695 277 2748 1)
317 2693 404 2737 Hic
438 2693 616 2749 aliquid
645 2693 886 2736 turbatum
920 2694 1010 2747 est3
1049 2705 1157 2735 nam
1195 2693 1422 2748 punctum
1453 2694 1495 2733 Δ
1533 2690 1582 2733 in
1614 2686 1787 2743 angulo

115 2751 333 2808 deinceps
364 2752 519 2808 posito
550 2750 757 2807 positum
790 2765 888 2795 esse
920 2763 1108 2795 necesse
1141 2753 1232 2806 est,
1275 2751 1323 2793 et
1351 2751 1421 2793 ita
1450 2747 1500 2791 in
1530 2748 1679 2803 figura
1711 2759 1787 2789 co-

112 2808 228 2853 dicis
259 2809 301 2854 V
334 2813 417 2854 est.
489 2822 629 2864 quare
661 2809 840 2853 Memus
881 2809 1114 2864 ceterique
1152 2808 1242 2853 hoc
1283 2807 1330 2851 in
1363 2805 1518 2851 uerbis
1549 2802 1790 2860 Apollonii

113 2866 394 2911 addiderunt
440 2864 509 2924 (τὸ
544 2873 585 2912 Δ
625 2872 817 2924 σημεῖον
857 2863 909 2911 ἐν
947 2868 1001 2924 τῇ
1044 2865 1216 2922 ἐφεξῆς
1255 2866 1403 2923 γωνίᾳ
1441 2864 1524 2919 τῆς
1564 2859 1655 2906 ὑπὸ
1695 2861 1788 2904 τῶν

116 2923 433 2982 ἄσυμπτώτων
463 2924 812 2983 περιεχομένης,
844 2922 1013 2981 ὁμοίως
1045 2925 1244 2981 Halley).

1462 2993 1522 3038 3*
