2046 3256
129 1161 184 1202 10

224 168 332 221 134
882 169 1263 214 FRAGMENTA.

333 287 441 342 Gfr.
475 309 524 359 p.
561 290 684 360 124,
718 289 784 342 17
806 307 906 359 sq.:
945 285 1050 358 τὴν
1083 285 1335 358 ἰδιότητα
1373 295 1471 358 τῆς
1508 289 1717 358 γωνίας
1756 283 1919 360 εὑρή-

219 392 391 447 σομεν
448 374 783 447 συναγωγὴν
838 375 940 447 μὲν
996 374 1100 431 οὐκ
1158 369 1367 446 οὖσαν,
1431 373 1615 449 ὥσπερ
1673 375 1825 446 [καὶ]
1884 373 1914 432 ὃ

211 463 588 531 Ἀπολλώνιός
634 480 836 536 φησιν,
895 466 1221 537 ἐπιφανείας
1267 461 1300 535 ἢ
1351 467 1604 539 στερεοῦ;
1658 486 1709 520 u,
1750 468 1917 521 etiam

217 575 267 626 p.
304 556 423 626 125,
464 557 545 610 17.

333 690 419 743 54.
467 689 689 743 Proclus
729 690 787 742 in
824 689 999 742 Elem.
1039 709 1090 758 p.
1126 689 1246 759 183,
1283 691 1350 743 13
1369 708 1468 759 sq.:

331 790 539 863 Μάτην
566 787 673 846 οὗν
689 794 802 846 τῶν
822 789 1152 862 ἀξιωμάτων
1173 790 1544 858 Ἀπολλώνιος
1567 795 1917 866 ἐπεχείρησεν

221 878 533 946 ἀποδείξεις
585 879 979 951 παραδιδόναι.
1072 878 1261 951 ὀρθῶς
1306 879 1412 953 γὰρ
1463 881 1556 936 καὶ
1604 878 1634 936 ὁ
1681 886 1918 954 Γεμῖνος

220 969 537 1039 ἐπέστησεν,
572 967 656 1024 ὅτι
691 971 749 1023 oc
776 969 878 1040 μὲν
910 969 1138 1024 καὶτῶν
1164 968 1588 1026 ἀναποδείκτων
1611 967 1918 1038 ἀποδείξεις

222 1057 536 1129 ἐπενόησαν
574 1058 667 1113 καὶ
706 1056 816 1113 ἀπὸ
855 1055 1291 1130 ἀγνωστοτέρων
1331 1060 1518 1129 μέσων
1556 1057 1624 1114 τὰ
1662 1058 1917 1132 γνώριμα

216 1150 386 1202 πᾶσιν
444 1147 870 1213 κατασκευάζειν
918 1149 1298 1219 ἐπεχείρησαν·
1355 1144 1384 1203 ὃ
1434 1146 1503 1219 δὴ
1550 1149 1836 1205 πέπονθεν
1885 1146 1916 1206 ὁ

211 1234 586 1301 Ἀπολλοίνιος
651 1234 939 1291 δεικνύναι
1003 1236 1378 1307 βουλόμενος,
1442 1235 1528 1292 ὅτι
1589 1235 1798 1308 ἀληθὲς
1835 1239 1914 1298 ,τὸ

216 1324 428 1396 ἀξίωμα
474 1326 538 1380 τὸ
593 1325 761 1395 λέγον
806 1322 874 1379 τὰ
923 1328 998 1400 τῷ
1048 1321 1198 1399 αὐτῷ
1246 1331 1339 1380 ἴσα
1385 1326 1479 1380 καὶ
1517 1324 1782 1399 ἀλλήλοις
1821 1334 1915 1383 ἴσα

217 1411 375 1469 εἶναι.

328 1504 438 1559 Gfr.
477 1524 529 1574 p.
573 1505 701 1571 194,
741 1504 798 1557 9:
862 1504 1074 1558 πολλοῦ
1130 1501 1239 1575 ἄρα
1291 1502 1564 1576 δεήσομεν
1611 1502 1768 1577 ἡμεῖς
1813 1505 1914 1563 τὸν

131 1606 186 1647 15
218 1591 536 1664 γεωμέτρην
571 1589 950 1647 Ἀπολλώνιον
991 1592 1258 1662 ἐπαινεῖν,
1301 1589 1361 1657 ὃς
1398 1594 1490 1648 καὶ
1529 1596 1644 1649 τῶν
1677 1592 1916 1667 ἀξιωμά-

125 2051 183 2094 20

124 2494 181 2535 25

215 1703 347 1750 των,
388 1678 461 1746 ὡς
496 1687 688 1751 οἰέται,
728 1682 1010 1752 γέγραφεν
1043 1679 1354 1748 ἀποδείξεις
1386 1678 1480 1736 ἀπ’
1518 1682 1772 1749 ἐναντίας
1802 1681 1913 1740 Εὐ·
1989 1759 1995 1763 ⁴
2043 1679 2046 1683 ⁸

213 1773 403 1842 κλείδη
445 1769 778 1841 φερόμενος·
835 1766 864 1824 ὁ
914 1769 1017 1840 μὲν
1065 1768 1175 1841 γὰρ
1222 1771 1310 1826 καὶ
1361 1769 1424 1826 τὸ
1475 1768 1807 1828 ἀποδεικτὸν
1851 1775 1914 1829 ἐν

213 1869 330 1924 τοῖς
370 1857 633 1930 αἰτήμασι
671 1862 1109 1930 κατηρίθμησεν,
1151 1856 1181 1914 ὁ
1223 1858 1285 1914 δὲ
1316 1859 1408 1914 καὶ
1440 1862 1554 1915 τῶν
1586 1858 1914 1917 ἀναποδείκ-

213 1968 327 2003 των
368 1948 718 2021 ἐπεχείρησεν
758 1946 1068 2014 ἀποδείξεις
1107 1947 1403 2019 εὑρίσκειν.

326 2036 511 2106 Ipsam
568 2038 1087 2092 demonstrationem
1134 2038 1418 2107 Apollonii
1470 2039 1638 2093 habess
1690 2040 1911 2096 Proclus

213 2143 270 2196 p.*
309 2127 430 2196 194,
470 2127 542 2180 20
561 2145 661 2196 sq.:
713 2123 799 2180 ὅτι
849 2124 911 2180 δὲ
958 2124 1051 2179 καὶ
1098 2124 1132 2196 ἡ
1182 2122 1490 2196 ἀπόδειξις,
1538 2123 1611 2196 ἢν
1658 2123 1688 2181 ὅ
1723 2126 1913 2184 Ἀπολ-

213 2213 416 2279 λώνιος
463 2211 760 2286 εὑρηκέναι
799 2215 1083 2269 πέπεισται
1116 2206 1224 2270 ’τοῦ
1261 2213 1488 2286 πρώτου
1526 2217 1638 2270 τῶν
1676 2213 1911 2287 ἀξιωμά-

211 2323 344 2372 των,
387 2299 556 2358 οὐδὲν
588 2309 803 2373 μᾶλλον
836 2307 946 2374 ἔχει
976 2307 1075 2359 τὸν
1112 2304 1284 2374 μέσον
1315 2306 1419 2358 τοῦ
1451 2305 1912 2376 συμπεράσματος
2005 2328 2009 2332 ’

213 2390 650 2463 γνωριμότερον,
676 2394 727 2446 εἰ
749 2389 823 2462 μὴ
849 2392 941 2446 καὶ
965 2393 1136 2448 πλέον
1154 2390 1704 2464 ἀμφισβητούμενον,
1729 2392 1907 2464 μάθοι

215 2500 297 2544 τις
334 2478 408 2534 ἀν
449 2481 747 2549 ἐπιβλέψας
786 2483 864 2545 εἰς
903 2479 1081 2552 αὐτὴν
1120 2485 1213 2536 καὶ
1253 2480 1506 2554 σμικρόν.

328 2571 470 2624 ἔστω
509 2566 636 2639 γάρ,
677 2573 834 2639 φησί,
875 2568 937 2624 τὸ
970 2577 1023 2624 A
1059 2572 1135 2645 τῷ
1168 2575 1215 2624 Β
1256 2577 1402 2639 ἴσον,
1441 2572 1607 2626 τοῦτο
1648 2570 1710 2626 δὲ
1739 2575 1816 2647 τῷ
1849 2577 1909 2628 Γ.

214 2656 377 2727 λέγω,
419 2654 505 2712 ὅτι
544 2656 635 2711 καὶ
674 2655 736 2712 τὸ
779 2665 831 2711 A
870 2661 945 2732 τῷ
979 2663 1032 2712 Γ
1065 2665 1206 2713 ἴσον.
1270 2658 1383 2713 ἐπεὶ
1424 2656 1529 2729 γὰρ
1570 2657 1632 2714 τὸ
1667 2667 1720 2715 Α
1758 2669 1834 2735 τῷ
1861 2666 1907 2715 Β

215 2752 368 2816 ἴσον,
412 2746 511 2801 τὸν
551 2741 726 2800 αὐτὸν
766 2743 913 2820 αὐτῷ
955 2747 1167 2817 κατέχει
1205 2744 1391 2802 τόπον.
1467 2747 1561 2801 καὶ
1602 2747 1716 2802 ἐπεὶ
1757 2747 1817 2804 τὸ
1858 2755 1905 2804 Β

334 2974 374 3013 2.
401 2967 509 3025 καί]
538 2966 684 3013 deleo.
778 2971 847 3011 23.
874 2963 956 3011 τὸν
982 2965 1146 3024 μέσον]
1172 2981 1231 3012 so.
1259 2962 1387 3025 ὅρον,
1411 2963 1463 3012 τὸ
1489 2965 1632 3024 μέσον
1657 2969 1911 3016 Friedlein.
