2046 3256
160 1122 214 1162 10

159 1566 212 1606 15

156 2010 214 2051 20

157 2451 213 2491 25

250 127 320 180 74
912 128 1191 174 ΚΩΝΙΚΩΝ
1223 126 1286 174 δ’.

246 249 468 318 γωνίας.
530 245 701 303 πάλιν
742 246 859 303 ἐπεὶ
897 244 1178 322 ὑπερβολή
1215 248 1367 304 ἐστιν
1398 244 1432 319 ἡ
1465 252 1648 319 ΑΒΓ,
1686 248 1780 305 καὶ
1810 263 1948 322 συμ-
2023 290 2037 329 :³

245 339 545 392 πίπτουσιν
593 336 655 390 αἱ
697 341 833 407 ΑΒ,
872 340 999 407 ΓΖ,
1045 336 1138 391 καὶ
1187 339 1249 392 αἱ
1282 342 1362 408 Α,
1402 341 1449 391 Β
1491 335 1836 408 συμπτώσεις
1876 335 1948 394 οὐ

246 424 564 496 περιέχουσι
613 424 719 496 τὴν
767 428 837 493 Γ,
891 422 954 480 τὸ
1007 430 1053 480 Ζ
1102 435 1334 497 σημεῖον
1381 423 1583 497 μεταξὺ
1622 427 1736 482 τῶν
1774 426 1949 498 ἀσυμ-

246 511 476 569 πτσότων
511 513 624 569 ἐστὶ
655 515 752 584 τῆς
775 518 947 569 ΑΒΓ
969 517 1153 586 τομῆς.
1207 517 1308 569 καί
1334 515 1484 570 ἐστιν
1509 512 1682 586 αὐτῆς
1711 513 1948 572 ἀντικει-

250 601 388 673 μένη
430 599 465 673 ἡ
504 608 580 657 A·
620 599 655 674 ἡ
697 600 806 675 ἄρα
853 599 960 658 ἀπὸ
998 606 1101 659 τοῦ
1132 608 1188 658 A
1221 603 1308 659 ἐπὶ
1338 603 1402 658 τὸ
1437 609 1482 658 Ζ
1514 602 1672 669 ἐντὸς
1704 614 1949 661 πεσεῖται
2036 634 2042 667 ι,

245 693 342 761 τῆς
387 688 496 747 ὑπὸ
538 698 591 747 Α
602 695 711 747 ΖΓ
749 695 981 762 γωνίας·
1029 689 1162 765 ὅπερ
1204 691 1436 748 ἄτοπον·
1483 695 1670 748 ἔπιπτε
1706 691 1815 766 γὰρ
1853 692 1948 749 καὶ
2039 696 2046 708 ’

247 782 323 845 εἰς
368 778 473 851 τὴν
519 776 630 835 ὑπὸ
674 784 855 836 ΒΖΔ.
935 778 1038 836 οὐκ
1084 778 1193 853 ἄρα
1238 776 1273 851 ἡ
1311 783 1421 835 ΓΕ
1463 788 1562 856 μιᾷ
1607 783 1723 837 τῶν
1761 786 1945 854 ΑΒΓ,

248 875 302 922 A
342 879 713 940 συμπεσεῖται.

1041 1023 1113 1073 μη
1142 1043 1154 1058 ·

352 1105 486 1162 Ἐὰν
541 1103 823 1178 ὑπερβολὴ
880 1108 1008 1178 μιᾶς
1060 1109 1174 1161 τῶν
1230 1103 1629 1178 ἀντικειμένων
1682 1105 1814 1163 καθ’
1881 1109 1945 1164 ἓν

247 1195 349 1266 μὲν
388 1194 716 1267 ἐφάπτηται,
753 1194 891 1250 κατὰ
927 1193 1032 1251 δύο
1075 1193 1137 1250 δὲ
1177 1198 1477 1268 συμπίπτῃ,
1516 1193 1551 1267 ἡ
1591 1193 1944 1268 ἀντικειμένη

247 1280 386 1357 αὐτῇ
425 1286 492 1356 τῇ
532 1281 885 1357 ἀντικειμένῃ
928 1284 998 1339 οὐ
1038 1294 1409 1355 συμπεσεῖται.

359 1377 606 1429 ἔστωσαν
654 1370 1029 1444 ἀντικείμεναι
1077 1375 1140 1427 αἱ
1174 1377 1364 1443 ΑΒΓ,
1405 1379 1485 1444 Δ,
1532 1373 1623 1429 καὶ
1661 1370 1945 1447 ὑπερβολή

244 1484 326 1528 τις
372 1459 407 1533 ἡ
449 1466 574 1517 ΑΗ
578 1466 632 1517 Γ
670 1461 1002 1533 ἐφαπτέσθω
1050 1460 1152 1532 μὲν
1198 1461 1338 1516 κατὰ
1380 1458 1442 1516 τὸ
1482 1467 1560 1532 A,
1600 1462 1839 1534 τεμνέτω
1881 1461 1945 1518 δὲ

245 1551 383 1606 κατὰ
423 1549 490 1606 τὰ
527 1557 601 1621 Β,
641 1555 711 1621 Γ,
751 1550 845 1605 καὶ
882 1553 980 1621 τῆς
1019 1553 1200 1605 ΑΗΓ
1232 1545 1585 1622 ἀντικειμένη
1625 1553 1763 1608 ἔστω
1802 1548 1837 1622 ἡ
1877 1556 1943 1607 Ε.

247 1640 414 1710 λέγω,
456 1639 543 1694 ὅτι
582 1636 616 1710 ἡ
659 1645 711 1693 Ε
745 1641 811 1712 τῇ
853 1645 909 1693 A
949 1637 1017 1694 οὐ
1057 1647 1426 1709 συμπεσεῖται.

358 1731 410 1783 εἰ
452 1729 560 1800 γὰρ
610 1728 885 1798 δυνατόν,
932 1727 1283 1799 συμπιπτέτω
1323 1725 1461 1782 κατὰ
1500 1726 1563 1783 τὸ
1605 1733 1685 1799 Δ,
1723 1727 1816 1783 καὶ
1855 1728 1946 1784 ἐπ-

248 1816 492 1888 εζεύχθω
540 1814 574 1887 ἡ
615 1821 725 1871 ΒΓ
764 1816 858 1871 καὶ
905 1815 1264 1887 ἐκβεβλήσθω
1305 1817 1393 1871 ἐπὶ
1432 1814 1495 1871 τὸ
1535 1822 1606 1887 Ζ,
1650 1816 1744 1872 καὶ
1781 1816 1942 1888 ἤχθω

246 1905 356 1961 ἀπὸ
394 1909 496 1962 τοῦ
536 1913 590 1960 Α
636 1902 670 1976 ἡ
710 1911 819 1960 ΑΖ
859 1905 1229 1976 ἐφαπτομένη.
1306 1902 1513 1976 ὁμοίως
1552 1903 1622 1976 δὴ
1659 1914 1778 1970 τοῖς
1813 1905 1944 1977 πρό-

246 2015 409 2065 τερον
458 1992 838 2066 δειχθήσεται,
887 1990 973 2049 ὅτι
1018 1991 1081 2049 τὸ
1123 1999 1169 2048 Ζ
1215 2002 1447 2065 σημεῖον
1493 1992 1650 2058 ἐντὸς
1693 1996 1791 2065 τῆς
1834 1991 1944 2050 ὑπὸ

244 2084 356 2137 τῶν
412 2079 796 2154 ἀσυμπτώτων
849 2082 1240 2154 περιεχομένης
1293 2085 1501 2152 γωνίας
1556 2083 1686 2138 ἐστί.
1767 2081 1861 2137 καὶ
1907 2076 1942 2153 ἡ

245 2176 354 2225 ΑΖ
402 2169 671 2242 ἐφάψεται
716 2172 831 2226 τῶν
874 2173 1061 2241 τομῶν
1099 2169 1455 2242 ἀμφοτέρων,
1499 2169 1594 2225 καὶ
1630 2167 1665 2241 ἡ
1708 2175 1819 2225 AZ
1859 2171 1943 2226 ἐκ-

244 2260 560 2331 βαλλομένη
615 2269 769 2329 τεμεῖ
816 2258 914 2324 τὰς
962 2259 1133 2331 τομὰς
1178 2256 1383 2330 μεταξὺ
1434 2261 1547 2314 τῶν
1594 2265 1671 2329 Α,
1711 2263 1758 2313 Β
1803 2257 1942 2314 κατὰ

244 2349 310 2403 τὰ
352 2353 431 2416 Η,
469 2353 538 2403 K.
621 2348 715 2402 καὶ
762 2343 829 2403 ὃν
879 2347 948 2418 δὴ
1005 2351 1114 2419 ἔχει
1168 2346 1340 2418 λόγον
1394 2344 1428 2418 ἡ
1476 2351 1578 2402 ΓΖ
1629 2345 1770 2419 πρὸς
1819 2352 1941 2418 ΖΒ,

248 2438 411 2509 ἐχέτω
458 2433 493 2507 ἡ
542 2440 649 2491 ΓΛ
694 2434 834 2506 πρὸς
879 2441 1013 2507 ΛΒ,
1062 2436 1154 2492 καὶ
1202 2438 1584 2506 ἐπιζευχθεῖσα
1629 2432 1663 2506 ἡ
1704 2440 1818 2490 ΑΛ
1861 2436 1943 2491 ἐκ·

246 2525 562 2597 βεβλήσθω·
618 2535 772 2595 τεμεῖ
823 2522 891 2595 δὴ
938 2522 1036 2590 τὰς
1081 2521 1251 2595 τομὰς
1295 2523 1413 2578 κατ’
1467 2521 1603 2579 ἄλλο
1650 2524 1743 2579 καὶ
1789 2521 1942 2580 ἄλλο.

244 2614 483 2685 τεμνέτω
528 2611 667 2668 κατὰ
714 2611 780 2667 τὰ
828 2617 911 2682 Ν,
950 2618 1035 2667 M·
1092 2615 1152 2667 αἱ
1194 2610 1303 2683 ἄρα
1350 2610 1459 2667 ἀπὸ
1506 2620 1608 2667 τοῦ
1648 2618 1693 2666 Ζ
1740 2613 1828 2668 ἐπὶ
1873 2610 1941 2666 τὰ

246 2709 328 2771 Ν,
369 2707 443 2757 Μ
480 2700 794 2771 ἐφάψονται
837 2703 950 2755 τῶν
995 2703 1210 2772 τομῶν,
1255 2700 1349 2755 καὶ
1389 2703 1542 2755 ἔσται
1581 2697 1787 2771 ὁμοίως
1824 2709 1943 2765 τοῖς

366 2869 405 2909 3.
446 2862 736 2921 περιέχουσι]
781 2876 867 2919 cp,
912 2860 1161 2919 περιέχωσι
1201 2875 1226 2906 e
1268 2874 1383 2907 corr.
1417 2860 1459 2904 V
1634 2865 1674 2906 5.
1717 2865 1759 2905 Δ
1790 2861 1940 2920 (3.1ὺ.>]

247 2922 430 2979 scripsi3
465 2926 509 2966 Γ
535 2923 630 2979 Vp.
753 2925 825 2966 25.
857 2922 963 2980 ΛΒ]
994 2935 1040 2978 p,
1073 2933 1162 2965 om.
1194 2920 1238 2966 V
1269 2922 1381 2966 extr.
1416 2933 1525 2978 pag.

2029 402 2041 454 a}

2032 455 2042 494 Ἰ
