2046 3256
219 178 292 232 94
885 179 1165 225 ΚῼΝΙΚῼΝ
1195 177 1260 228 δ’.

1019 313 1120 381 νζ’.

324 398 460 456 Ἐὰν
485 398 863 474 ἀντικείμεναι
887 400 1286 475 ἀντικειμένων
1310 401 1448 460 κατὰ
1467 401 1572 460 δύο
1591 401 1918 474 ἐπιψαύωσι,

215 487 351 546 καθ’
397 491 587 562 ἕτερον
628 502 863 563 σημεῖον
904 488 972 547 οὐ
1013 494 1445 563 συμπεσοῦνται.

330 583 579 635 ε”στωσαν
633 578 1007 652 ἀντικείμεναι
1061 583 1124 635 αι
1166 587 1299 651 ΑΒ,
1339 585 1451 637 ΓΔ
1495 581 1589 637 καὶ
1635 582 1814 654 ἕτεραι
1859 583 1921 637 αἱ

156 685 183 725 5
216 675 269 723 Α
279 672 342 739 Γ
374 674 480 723 ΕΖ
519 670 609 724 καὶ
644 670 1088 741 ἐφαπτέσθωσαν
1127 673 1370 742 πρῶτον,
1411 668 1486 736 ὡς
1517 670 1604 727 ἐπὶ
1631 679 1738 727 τοῦ
1767 669 1915 763 προό-

213 778 316 813 του
355 757 655 865 σχήματοςέ
693 780 832 814 κατα
869 780 938 814 τα
977 765 1055 830 Α,
1089 763 1148 814 Γ.

326 846 440 902 ἐπεὶ
481 840 587 902 οὗν
627 844 661 918 ἡ
701 852 820 903 ΑΓ
850 847 1110 919 ἑκατέρας
1152 850 1266 904 τῶν
1305 853 1429 920 AB,
1470 852 1581 903 ΓΔ
1620 849 1917 921 ἐφάπτεται

214 934 352 996 κατὰ
392 934 460 991 τὰ
499 943 569 1006 Α,
610 939 664 991 Γ
697 947 921 1008 σημεῖα,
961 934 995 1007 ἡ
1036 942 1139 991 ΕΖ
1179 934 1289 1009 ἄρα
1330 934 1597 1012 οὐδετέρᾳ
1633 939 1747 994 τῶν
1786 944 1915 1008 ΑΒ,

211 1028 316 1079 ΓΔ
355 1035 726 1096 συμπεσεῖται.

126 1129 181 1169 10
327 1114 774 1186 ἐφαπτέσθωσαν
822 1113 919 1186 δή,
970 1111 1045 1180 ὡς
1085 1114 1172 1170 ε’πὶ
1211 1117 1312 1170 τοῦ
1353 1116 1633 1186 δευτέρου.
1711 1113 1916 1188 ὁμοίως

213 1201 283 1274 δὴ
341 1202 727 1275 δειχθήσεται,
784 1201 870 1260 ὅτι
925 1200 959 1274 ἡ
1007 1207 1118 1258 ΓΛ
1162 1206 1229 1276 τῇ
1278 1210 1381 1259 ΕΖ
1430 1201 1498 1260 οὐ
1545 1214 1915 1277 συμπεσεῖται.

324 1294 659 1364 ἐφαπτέσθω
701 1292 791 1364 δή,
833 1290 1028 1358 ὥςοέπὶ
1059 1295 1161 1348 τοῦ
1195 1297 1387 1366 τρίτου
1419 1292 1712 1365 σχήματος,
1743 1291 1778 1365 ἡ
1811 1293 1913 1365 μὲν

211 1385 319 1436 ΓΑ
357 1386 456 1453 τῆς
494 1389 603 1438 ΑΒ
644 1382 782 1438 κατὰ
820 1382 882 1438 τὸ
925 1389 996 1453 Α,
1035 1379 1070 1454 ἡ
1114 1381 1176 1438 δὲ
1209 1389 1264 1437 Δ
1302 1391 1399 1455 τῆς
1434 1389 1539 1438 ΕΖ
1567 1382 1715 1448 ,κατὰ
1753 1383 1815 1439 τὸ
1852 1388 1911 1438 Ζ.

211 1469 326 1525 ἐπεὶ
369 1463 473 1526 οὖν
514 1469 548 1542 ἡ
590 1476 705 1526 ΑΓ
735 1479 834 1542 τῆς
872 1477 981 1527 AB
1021 1472 1317 1543 ἐφάπτεται
1356 1468 1807 1544 ἀντεστραμμένα
1844 1469 1912 1527 τὰ

117 2266 171 2307 15
204 2272 379 2324 κυρτα
421 2268 648 2325 εχουσα,
697 2275 731 2324 ἠ
772 2259 877 2308 ΕΖ
915 2256 981 2326 τῇ
1024 2259 1132 2308 ΑΒ
1174 2250 1242 2308 οὐ
1285 2263 1658 2324 συμπεσεῖται.
1734 2253 1905 2311 πάλιν

206 2343 321 2397 ἐπεὶ
362 2339 396 2413 ἡ
431 2347 542 2397 ΖΛ
580 2350 676 2414 τῆς
709 2348 813 2397 ΕΖ
854 2341 1169 2413 ἐφάπτεται,
1210 2344 1243 2412 ἡ
1276 2346 1329 2397 Γ
1324 2348 1377 2396 Α
1415 2350 1481 2414 τῇ
1516 2347 1627 2396 ΔΖ
1667 2340 1737 2398 οὐ
1768 2358 1904 2415 συμ-

202 2441 460 2486 πεσεῖται.

316 2523 368 2574 εί
413 2518 475 2574 δὲ
520 2516 555 2590 ἡ
602 2518 706 2591 μὲν
745 2523 863 2574 ΑΓ
900 2528 998 2591 τῆς
1038 2525 1146 2575 ΑΒ
1200 2518 1499 2591 ε’φάπτεται
1544 2517 1681 2574 κατὰ
1727 2517 1789 2575 τὸ
1830 2526 1904 2590 A,

202 2605 237 2679 ἡ
293 2607 356 2663 δὲ
404 2612 515 2662 ΕΓ
558 2610 656 2679 τῆς
703 2612 807 2663 ΓΔ
859 2607 997 2663 κατὰ
1053 2630 1115 2663 το
1163 2613 1234 2678 Γ,
1288 2607 1381 2662 καὶ
1428 2611 1654 2679 ἔχουσιν
1700 2607 1788 2663 ἐπὶ
1834 2605 1902 2662 τὰ

322 2741 618 2785 9.Post1''A
649 2740 739 2786 del.
773 2737 1036 2813 ἐφάπτεται
1067 2756 1127 2786 m.
1165 2747 1186 2785 1
1220 2740 1283 2795 V;
1315 2754 1410 2785 non
1440 2740 1549 2784 hab.
1582 2754 1699 2798 cvp.
1825 2745 1896 2786 12.

203 2796 586 2855 ἐφαπτέσθωσαν
618 2815 661 2858 p.
761 2796 791 2856 ἡ
825 2815 910 2857 μεν
937 2803 1014 2844 ΓΑ
1046 2802 1130 2857 τῆς
1160 2799 1262 2858 AB]
1297 2812 1374 2856 cp,
1406 2799 1479 2843 bis
1509 2800 1564 2844 V.
1675 2804 1743 2844 19.
1777 2800 1896 2858 ΕΓ]

201 2862 288 2903 ΕΖ
319 2858 491 2915 Halley
523 2874 629 2905 cum
661 2857 854 2916 Comm.,
884 2873 943 2903 ne
976 2858 1138 2904 libbera
1164 2862 1207 2903 Γ
1233 2858 1306 2903 bis
1338 2861 1553 2916 ponatur.
1664 2859 1768 2917 ΓΔ]
1802 2860 1898 2902 ΕΔ

200 2917 372 2975 Halley
404 2932 510 2963 cum
544 2918 718 2964 Comm.
850 2919 918 2976 Γ]
961 2921 1002 2962 Ε
1041 2918 1213 2975 Halley
1244 2932 1349 2963 eum
1381 2916 1556 2963 Comm.
1689 2914 1896 2976 ἔχουσιν]

203 2992 284 3036 cp,
318 2976 484 3034 ἔχωσιν
519 2978 570 3022 V.
