2046 3256
12 179 14 181 ’
0 0 55 119 ἦν,

778 177 1155 221 FRAGMENTA.
1708 173 1810 225 117

239 292 338 349 ε’ὰν
391 290 499 348 ἀπὸ
555 293 658 348 δύο
715 295 1005 349 δοθέντων
1061 298 1305 399 σημείων
1350 295 1674 348 κλασθῶσιν
1729 289 1815 347 εὗ-

126 390 296 452 θεῖαι,
338 378 444 436 ἀπὸ
490 381 552 436 δὲ
589 384 691 437 τοῦ
723 385 954 451 σημείου
985 381 1133 452 παρὰ
1163 383 1322 438 θέσει
1355 379 1588 452 ἀχθεῖσα
1620 378 1815 436 εὐθεῖα

127 468 493 541 ἄπολαμβανῃ
550 468 656 524 ἀπὸ
711 470 868 524 θέσει
920 469 1223 540 δεδομένης
1269 467 1493 534 εὐθείας
1538 468 1677 539 πρὸς
1723 471 1816 523 δο-

125 557 284 612 θέντι
332 562 563 664 σημείῳ,
614 558 704 612 καὶ
751 550 784 630 ᾗ
831 555 897 613 τὰ
946 555 1054 612 ἀπὸ
1100 561 1214 613 τῶν
1259 558 1646 628 κεκλασμένων
1693 560 1814 662 εἴδη

131 652 223 700 ἴσα
269 655 344 719 τῷ
392 644 499 701 ὑπὸ
549 649 813 716 δοθείσης
858 645 949 699 καὶ
995 647 1092 715 τῆς
1137 644 1697 716 ἀπολαμβανομένης,
1751 666 1814 700 το
1877 657 1902 696 5

127 732 266 803 πρὸς
303 737 368 806 τῇ
408 733 599 789 κλάσει
639 745 868 805 σημεῖον
909 732 1105 799 ἅψεται
1143 734 1301 787 θέσει
1333 734 1637 804 δεδομένης
1666 753 1817 805 περι-

127 826 368 894 φερείας·

241 910 339 965 ἐὰν
395 912 455 965 ἐν
501 910 684 985 κύκλῳ
733 912 889 965 θέσει
937 911 1216 984 δεδομένῳ
1264 911 1439 965 δοθέν
1486 933 1538 965 τι
1586 921 1816 980 σημεῖον

129 1000 181 1070 ᾑ,
213 998 305 1052 καὶ
339 995 412 1052 δι’
449 997 625 1052 αὐτοῦ
658 995 806 1069 αχθῇ
841 1020 922 1062 τις
947 995 1160 1067 εὐθεῖα,
1191 998 1283 1052 καὶ
1310 997 1391 1054 ἐπ’
1430 996 1599 1068 αὐτῆς
1622 1000 1818 1069 ληφθῇ

128 1107 178 1140 τι
226 1096 456 1157 σημεῖον
496 1085 665 1156 ἐκτός,
702 1087 795 1141 καὶ
834 1079 869 1158 ᾖ
908 1087 969 1141 τὸ
1013 1084 1120 1141 ἀπὸ
1159 1095 1255 1157 τῆς
1293 1084 1420 1158 ἄχρι
1466 1089 1568 1141 τοῦ
1613 1086 1816 1141 δοθέν-
1850 1099 1903 1138 10

128 1195 219 1238 τος
273 1172 428 1237 ἐντὸς
481 1178 713 1245 σημείου
768 1181 892 1228 ἴσον
946 1177 1022 1247 τῷ
1077 1171 1187 1229 ὑπὸ
1242 1177 1340 1244 τῆς
1395 1172 1527 1245 όλης
1578 1175 1671 1229 καὶ
1720 1177 1817 1244 τῆς

130 1260 282 1326 ἐκτὸς
321 1258 852 1332 ἀπολαμβανομένης
890 1261 1014 1332 ἤτοι
1054 1261 1233 1333 μόνον
1273 1259 1306 1333 ἢ
1338 1262 1504 1318 τοῦτό
1537 1285 1594 1317 τε
1629 1263 1721 1317 καὶ
1751 1261 1814 1317 τὸ

126 1347 234 1404 ὑπὸ
274 1353 387 1404 τῶν
428 1349 583 1415 ἐντὸς
623 1350 726 1406 δύο
766 1349 1084 1422 τμημάτων,
1123 1349 1185 1405 τὸ
1230 1350 1380 1415 ἐκτὸς
1412 1361 1645 1421 σημεῖον
1684 1348 1815 1417 ἅψε-

128 1460 215 1492 ται
255 1438 410 1492 θέσει
451 1438 752 1508 δεδομένης
791 1436 1039 1503 εὐθείας·

238 1526 330 1580 καὶ
369 1526 469 1580 ἐὰν
507 1528 671 1581 τοῦτο
712 1525 813 1596 μὲν
847 1527 908 1581 τὸ
944 1538 1173 1597 σημεῖον
1206 1524 1439 1597 ἅπτηται
1470 1527 1626 1582 θέσει
1660 1530 1815 1582 δεδο-
1849 1539 1903 1579 15

129 1614 296 1683 μένης
349 1611 598 1683 εὐθείας,
655 1611 683 1668 ὁ
743 1614 804 1669 δὲ
857 1615 1058 1679 κύκλος
1113 1617 1185 1686 μὴ
1242 1613 1551 1686 ὑπόκειται,
1605 1615 1671 1670 τὰ
1724 1613 1812 1687 ἐφ’

131 1700 357 1772 ἑκάτερα
387 1704 488 1756 τοῦ
522 1703 829 1772 δεδομένου
862 1713 1059 1773 σημεῖα
1092 1700 1290 1769 ἅψεται
1323 1704 1479 1758 θέσει
1519 1704 1818 1775 δεδομένης

129 1794 481 1862 περιφερείας
518 1792 614 1859 τῆς
655 1789 836 1860 αὐτῆς.

232 1876 383 1948 ’Έχει
438 1877 498 1932 δὲ
544 1876 610 1933 τὰ
656 1878 844 1933 τόπων
891 1880 1165 1934 ἐπιπέδων
1215 1878 1318 1934 δύο
1366 1884 1555 1950 βιβλία
1601 1878 1815 1951 θεωρή-

134 1986 274 2035 ματα
314 1963 435 2033 ἤτοι
476 1965 861 2038 διαγράμματα
900 1956 1020 2038 {Ji—g,
1058 1966 1311 2039 λήμματα
1352 1967 1413 2022 δὲ
1451 1971 1502 2037 ἧ.
1848 1981 1904 2020 20

240 2085 325 2138 25.
372 2084 632 2138 Eutoeius
681 2086 747 2138 acl
786 2086 1136 2155 Apollonium
1183 2086 1211 2138 I
1255 2087 1396 2156 deff.;
1435 2106 1485 2140 u,
1524 2087 1679 2139 infra.
1735 2090 1817 2139 est

129 2173 252 2224 libri
289 2172 343 2224 II
382 2190 534 2241 prop.
575 2174 609 2224 2
651 2174 792 2242 apud
830 2174 1099 2243 Pappum3
1147 2174 1239 2228 cfr.
1282 2174 1504 2227 Studien
1542 2176 1675 2227 iiber
1713 2174 1816 2226 Eu-

130 2260 243 2312 klid
281 2279 331 2328 p.
374 2261 443 2312 70
484 2279 561 2329 sq.

770 2362 857 2415 De
897 2364 1174 2416 cochlea.

240 2465 325 2517 26.
365 2464 586 2518 Proclus
634 2466 690 2518 in
730 2465 1012 2518 Elementa
1058 2485 1105 2534 p.
1152 2467 1280 2535 105,
1330 2469 1357 2519 1
1403 2486 1478 2536 sq.
1520 2468 1595 2521 ed.
1635 2466 1814 2520 Fried-
1847 2478 1903 2517 25

130 2552 259 2604 lein:

248 2636 362 2708 Τὴν
408 2636 532 2708 περὶ
579 2636 679 2692 τὸν
717 2637 1022 2710 κύλινδρον
1055 2639 1206 2694 ἕλικα
1244 2640 1631 2711 γραφομένην,
1680 2640 1816 2694 ὅταν

131 2722 352 2790 εὐθείας
405 2725 737 2796 κινουμένης
789 2725 1059 2797 περὶ-τῆν
1108 2727 1437 2798 ἐπιφάνειαν
1484 2731 1583 2782 τοῦ
1629 2732 1815 2782 κυλίν-

249 2890 318 2929 12.
354 2882 499 2942 μόνον
533 2911 587 2918 -
620 2883 695 2944 τό]
731 2886 934 2930 Hultseh
966 2900 1068 2931 eum
1104 2887 1329 2940 Simsono‚
1364 2884 1490 2944 μόνῳ
1522 2882 1551 2944 ἢ
1584 2887 1731 2947 τούτῳ
1763 2905 1811 2933 τε

132 2943 210 2987 καὶ
241 2944 303 3004 τῷ
338 2944 470 2988 codd.
