2046 3224
201 645 227 685 5

259 161 294 211 4
922 162 1202 207 ΚΩΝΙΚΩΝ
1233 164 1262 207 δ
1271 160 1298 207 ’.

256 281 391 351 γενῆ
439 277 659 345 τούτοις
705 277 894 346 ἁπλῶς
939 278 1049 337 ὑπὸ
1099 278 1340 347 οὐδενὸς
1383 283 1697 355 νενοημένα
1736 280 1963 357 εὕρηκα.

256 365 440 424 πάντα
480 366 543 423 δὲ
581 367 647 422 τὰ
687 370 984 440 λεχθέντα,
1036 367 1191 435 ὅσοις
1235 367 1339 426 οὐκ
1380 370 1699 443 ἐντέτευχα,
1737 375 1963 428 πολλῶν

257 456 346 511 καὶ
388 459 658 511 ποικίλων
697 461 1023 528 προσεδεῖτο
1067 459 1398 525 ξενιζόντων
1438 459 1843 532 θεωρημάτων,
1883 454 1963 518 ῶν

257 542 323 600 τὰ
357 544 459 616 μὲν
490 551 718 601 πλεῖστα
751 546 1009 618 τυγχάνω
1045 549 1105 603 ἐν
1137 559 1255 612 τοῖς
1288 547 1532 620 πρώτοις
1554 549 1702 621 τρισὶ
1725 553 1966 621 βιβλίοις

261 633 604 705 ἐκτεθεικῶς,
644 634 711 691 τὰ
753 635 815 691 δὲ
854 638 1021 692 λοιπὰ
1065 638 1125 692 ἐν
1164 636 1359 712 τούτῳ.
1437 640 1610 693 ταῦτα
1651 638 1714 694 δὲ
1750 646 1965 711 θεωρη-

259 726 436 779 θέντα
476 728 669 795 χρείαν
712 724 911 796 ίκανὴν
951 726 1246 799 παρέχεται
1285 724 1423 797 πρός
1452 748 1511 782 τε
1548 724 1648 793 τὰς
1685 730 1799 783 τῶν
1829 747 1962 800 προ-

259 812 560 884 βλημάτων
602 814 898 879 συνθέσεις
936 814 1029 869 καὶ
1069 813 1201 880 τοὺς
1241 814 1584 888 διορισμούς.
1653 817 1964 888 Νικοτέλης

258 901 363 973 μὲν
401 900 510 974 γὰρ
554 903 716 958 ἕνεκα
755 906 853 973 τῆς
892 906 1028 975 πρὸς
1067 906 1166 959 τὸν
1199 902 1450 960 Κόνωνα
1493 907 1772 979 διαφορᾶς
1803 903 1962 961 οὐδε-

258 994 394 1062 μίαν
442 988 550 1046 ὖπὸ
600 994 714 1047 τῶν
764 994 822 1047 ἐκ
869 995 971 1048 τοῦ
1010 992 1284 1058 Κόνωνος
1332 990 1659 1067 εὑρημένων
1709 997 1788 1060 εἰς
1833 993 1965 1061 τοὺς

178 1089 232 1129 10
265 1079 596 1152 διορισμούς
634 1097 809 1151 φησιν
851 1085 1115 1153 ἔρχεσθαι
1155 1085 1347 1155 χρείαν
1389 1081 1492 1138 οὐκ
1531 1081 1720 1155 ἀληθῆ
1762 1083 1964 1155 λέγων·

173 1536 228 1575 15

173 1981 230 2020 20

175 2425 231 2465 25

258 1169 350 1224 καὶ
389 1167 496 1242 γὰρ
538 1173 589 1225 εἰ
627 1167 770 1235 ὅλως
810 1167 949 1225 ἄνευ
990 1169 1204 1227 τούτων
1239 1170 1475 1227 δύναται
1515 1165 1653 1227 κατὰ
1685 1173 1817 1239 τοὺς
1849 1175 1965 1229 διο-

259 1256 492 1329 ρισμοὺς
554 1256 967 1329 ἀποδίδοσθαι,
1023 1257 1167 1315 ἀλλά
1220 1265 1314 1315 τοί
1361 1283 1424 1331 γε
1480 1258 1553 1316 δι’
1607 1258 1796 1317 αὐτῶν
1850 1266 1964 1317 ἔστι

257 1358 557 1403 κατανοεῖν
605 1346 1040 1420 προχειρότερον
1081 1352 1229 1420 ἔνια,
1280 1344 1406 1405 οἷον
1446 1350 1534 1405 ὅτι
1572 1353 1889 1422 πλεοναχῶς
1928 1347 1962 1422 ἢ

258 1439 615 1508 τοσαυταχῶς
647 1433 718 1492 ἂν
750 1438 990 1508 γένοιτο,
1029 1438 1122 1493 καὶ
1154 1436 1325 1494 πάλιν
1364 1437 1449 1494 ὅτι
1483 1437 1586 1495 οὐκ
1617 1435 1688 1495 ἂν
1719 1440 1963 1510 γένοιτο·

261 1522 295 1595 ἡ
339 1524 401 1580 δὲ
439 1525 669 1596 τοιαύτη
702 1525 1022 1596 πρόγνωσις
1054 1527 1256 1598 ἱκανὴν
1291 1525 1557 1600 ἀφορμὴν
1590 1526 1965 1599 συμβάλλεται

259 1616 398 1685 πρὸς
443 1612 549 1679 τὰς.
589 1615 858 1686 ζητήσεις,
914 1615 1007 1670 καὶ
1061 1618 1198 1688 πρὸς
1248 1615 1345 1681 τὰς
1392 1613 1693 1682 ἀναλύσεις
1740 1616 1803 1673 δὲ
1848 1621 1961 1673 τῶν

259 1705 569 1775 διορισμῶν
611 1701 887 1777 εὔχρηστα
926 1703 992 1760 τὰ
1024 1704 1364 1778 θεωρήματά
1397 1707 1512 1761 ἐστι
1544 1708 1733 1763 ταῦτα.
1796 1706 1964 1779 χωρὶς

261 1792 322 1848 δὲ
369 1795 467 1864 τῆς
513 1791 773 1864 τοιαύτης
821 1792 1149 1866 εὐχρηστίας
1207 1795 1300 1849 καὶ
1348 1792 1424 1849 δι’
1474 1791 1645 1859 αὐτὰς
1690 1793 1787 1860 τὰς
1833 1793 1963 1851 ἀπο-

261 1882 459 1948 δείξεις
499 1879 623 1947 ἅξια
665 1886 816 1937 ἔσται
857 1880 1159 1954 ἀποδοχῆς·
1201 1883 1293 1938 καὶ
1323 1882 1431 1956 γὰρ
1466 1881 1606 1938 ἄλλα
1637 1882 1815 1939 πολλὰ
1849 1886 1962 1940 τῶν

265 1972 326 2026 έν
371 1982 489 2036 τοῖς
529 1971 822 2043 μαθήμασι
864 1970 956 2026 διὰ
998 1975 1164 2027 τοῦτο
1212 1971 1303 2027 καὶ
1346 1970 1414 2027 οὐ
1454 1970 1528 2027 δι’
1567 1970 1701 2028 ἄλλο
1741 1994 1793 2027 τι
1831 1970 1962 2028 ἀπο-

262 2058 557 2131 δεχόμεθα.
1126 2134 1140 2152 Ι

1082 2158 1154 2190 αν.

366 2234 495 2292 Ἐὰν
535 2236 724 2293 κῶνου
763 2241 935 2309 τομῆς
975 2234 1008 2308 ἢ
1049 2237 1260 2294 κύκλου
1292 2242 1648 2311 περιφερείας
1681 2242 1874 2311 ληφθῇ
1905 2261 1961 2295 τι

262 2336 494 2397 σημεῖον
541 2326 720 2397 ἐκτός,
767 2325 860 2381 καὶ
907 2323 1003 2381 ἀπ’
1051 2326 1228 2383 αὐτοῦ
1274 2330 1339 2400 τῇ
1390 2330 1529 2399 τομῇ
1575 2331 1961 2398 προσπίπτωσι

265 2413 370 2470 δύο
413 2412 659 2486 εὐθεῖαι,
709 2407 789 2470 ῶν
830 2412 864 2486 ἡ
907 2414 1009 2486 μὲν
1050 2415 1374 2487 ἐφάπτεται,
1421 2416 1456 2486 ἡ
1500 2415 1562 2470 δὲ
1600 2416 1784 2487 τέμνει
1822 2414 1960 2472 κατὰ

265 2503 370 2559 δύο
412 2515 638 2578 σημεῖα,
686 2502 779 2558 καὶ
821 2499 888 2558 ὃν
930 2507 1039 2574 ἔχει
1078 2503 1250 2574 λόγον
1291 2503 1391 2574 ὅλη
1433 2501 1467 2575 ἡ
1508 2506 1785 2575 τέμνουσα
1823 2507 1963 2577 πρὸς

262 2590 364 2663 τὴν
421 2592 574 2656 ἐκτὸς
628 2588 1171 2663 ἀπολαμβανομένην
1219 2590 1421 2663 μεταξὺ
1476 2596 1578 2647 τοῦ
1624 2614 1682 2648 τε
1730 2597 1962 2665 σημείου

263 2680 356 2735 καὶ
395 2683 493 2751 τῆς
532 2683 806 2751 γραμμῆς,
846 2684 1049 2736 τοῦτον
1088 2684 1276 2754 τμηθῇ
1318 2678 1352 2751 ἡ
1387 2682 1541 2747 ε’ντὸς
1573 2679 1959 2753 ἀπολαμβανο-

388 2848 425 2887 1.
461 2838 667 2900 εὸρηκ-
699 2842 755 2898 V,
789 2858 871 2899 ευρ
904 2857 1060 2898 euan.;
1102 2841 1311 2900 ῃεῧρηκα
1345 2843 1410 2887 sic
1442 2843 1490 2887 in
1524 2844 1825 2901 apograph&
1864 2858 1957 2902 mg.

265 2916 324 2946 m.
358 2915 449 2947 rec.
575 2906 615 2948 3.
649 2903 903 2957 ποικίλλων
935 2902 991 2947 V.
1123 2904 1315 2957 ξενίζων
1347 2903 1439 2947 τῶν
1472 2903 1533 2958 V3
1568 2917 1681 2949 corr.
1716 2916 1793 2975 cp.
1917 2908 1957 2948 9.

265 2957 378 3019 ὑπό]
422 2957 475 3005 ἐκ
507 2961 690 3017 Halley.
847 2959 920 3020 ἐκ]
961 2957 1055 3007 υπό
1097 2963 1280 3016 Halley.
1437 2966 1502 3007 12.
1523 2938 1871 3007 οἷποδίδόσθαι
1901 2961 1956 3007 V.
