2020 3236
409 190 658 232 EUTOCII
690 190 1126 234 COMMENTARIA
1155 191 1220 234 IN
1252 190 1488 233 CONICA.
1677 188 1787 241 293

217 308 298 362 Sit
335 309 658 379 hyperbola,
696 309 846 362 cuius
887 311 1229 377 asymptotae
1270 310 1378 362 sint
1415 312 1540 378 ΑΒ,
1579 311 1695 377 ΒΓ,
1737 312 1791 361 et

102 402 150 452 Β
161 402 274 451 ΕΔ
312 399 370 450 in
401 398 660 450 directum
693 397 1032 466 producatur,
1072 397 1400 466 ducaturque
1432 400 1580 450 recta
1612 398 1791 466 aliqua

1035 489 1139 536 EZ
1164 486 1407 554 quolibet
1429 486 1587 539 modo
1616 488 1790 538 rectas

777 525 822 560 A

115 545 160 579 Δ
683 548 918 655 ZlK
1037 577 1170 642 AB,
1210 578 1319 626 BA
1369 592 1573 627 secans,
1658 573 1793 636 dioc,

258 657 698 791 BV
1037 680 1154 714 eam
1209 681 1330 715 cum
1386 662 1620 715 sectione
1673 679 1792 714 con-

488 795 535 834 B
588 758 590 760 ’
788 768 839 803 Js
1036 768 1258 803 currere.

547 797 957 1041 Χ
1146 856 1272 890 nam
1329 839 1375 891 si
1427 839 1545 890 fieri
1598 839 1794 906 potest,

748 958 805 996 ,Γ
1035 945 1102 979 ne
1150 930 1454 996 concurrat,
1509 928 1564 978 et
1608 943 1704 994 per
1747 928 1792 976 B

1035 1018 1213 1069 rectae
1253 1018 1358 1067 EZ
1403 1014 1665 1084 parallela
1705 1014 1795 1065 du-

105 1107 256 1157 catur
301 1107 430 1158 BH.
520 1108 643 1158 BH
683 1105 852 1174 igitur
899 1105 1192 1157 diametrus
1250 1106 1332 1156 est
1379 1103 1650 1156 sectionis.
1743 1106 1796 1154 et

0 1179 4 1260 ξ
110 1194 289 1245 rectae
328 1194 433 1244 EZ
475 1193 736 1262 quadrato
776 1189 921 1244 ΒΗ2
968 1192 1188 1260 aequale
1226 1192 1794 1261 parallelogrammum

0 1319 4 1337 2
106 1280 405 1349 adplicetur
447 1281 622 1350 figura
662 1280 926 1349 quadrata
967 1279 1224 1332 excedens
1267 1279 1442 1346 [Eucl.
1473 1278 1568 1347 VI,
1599 1279 1692 1345 29]
1744 1282 1797 1331 et

0 1362 1 1420 Ῐ
106 1367 303 1421 efficiat
333 1371 438 1420 ΕΘ
460 1380 531 1423 ><
557 1372 672 1437 ΘΖ,
712 1369 1041 1438 ducaturque
1073 1371 1174 1420 ΘΒ
1209 1371 1262 1420 et
1292 1368 1642 1436 producatur3
1676 1385 1797 1420 con-

0 1453 1 1457 ’
109 1459 283 1508 curret
320 1456 488 1524 igitur
520 1474 639 1509 cum
674 1457 908 1509 sectione
949 1459 1122 1525 [prop.
1153 1455 1248 1521 II].
1317 1458 1600 1508 concurrat
1637 1456 1694 1507 in
1726 1458 1796 1524 K,

0 1576 1 1586 1
107 1546 160 1596 et
194 1562 291 1612 per
321 1546 380 1596 K
411 1547 588 1597 rectae
620 1545 738 1596 BH
772 1544 1034 1612 parallela
1074 1545 1297 1596 ducatur
1336 1546 1529 1595 KAA.
1612 1544 1796 1613 itaque

107 1632 209 1684 erit
269 1635 391 1684 ΛΚ
418 1644 489 1688 ><
521 1622 638 1684 KA
669 1658 739 1675 =
772 1630 917 1684 ΒΗ2
977 1634 1158 1701 [prop.
1203 1631 1336 1700 X1];
1407 1650 1571 1701 quare
1632 1632 1796 1684 ctiam

109 1724 163 1771 A
172 1722 228 1772 K
243 1732 312 1775 ><
331 1722 446 1771 KA
471 1745 540 1762 =
565 1723 670 1772 ΕΘ
693 1733 764 1776 ><
786 1724 910 1789 ΘΖ;
937 1719 1077 1789 quod
1103 1719 1394 1772 absurdum
1421 1723 1516 1789 est,
1542 1720 1797 1789 quoniam

108 1812 225 1859 AA
263 1810 441 1860 rectae
480 1811 583 1860 ΕΘ
622 1808 885 1876 parallela
924 1811 1019 1860 est.
1093 1825 1220 1877 ergo
1257 1810 1358 1859 EZ
1398 1826 1519 1860 cum
1560 1808 1796 1860 sectione

110 1899 405 1948 concurret.

221 1984 331 2035 iam
384 1982 729 2036 manifestum
786 1986 889 2052 est,
945 2002 1063 2036 eam
1119 1984 1280 2036 etiam
1335 1984 1392 2036 in
1439 2002 1546 2036 uno
1593 1986 1795 2052 puncto

112 2070 227 2123 solo
261 2089 574 2124 concurrere
601 2071 666 2141 [I,
683 2072 801 2141 26];
834 2090 961 2124 nam
993 2072 1256 2124 diametro
1282 2075 1403 2123 BH
1418 2072 1679 2140 parallela
1703 2074 1796 2124 est.

726 2262 816 2314 Ad
855 2280 1028 2331 prop.
1068 2261 1191 2314 XII.

223 2362 289 2414 In
320 2364 595 2417 nonnullis
630 2364 903 2417 codicibus
935 2364 1067 2416 haec
1097 2364 1397 2432 propositio
1427 2363 1797 2418 demonstrata

110 2451 476 2519 reperiebatur
507 2452 712 2504 duabus
743 2451 902 2504 rectis
937 2450 1271 2519 contingenti
1301 2452 1576 2519 parallelis
1603 2453 1794 2522 ductis,

116 2538 290 2590 altera
351 2556 447 2606 per
502 2543 573 2608 A,
635 2539 804 2591 altera
863 2556 960 2606 per
1011 2541 1090 2607 H3
1151 2541 1204 2590 et
1265 2537 1649 2592 demonstratio
1703 2558 1798 2609 per

230 2726 283 2770 In
313 2726 389 2783 fig.
425 2729 475 2769 H
503 2739 593 2770 om.
626 2727 700 2769 W.

116 2898 230 2970 VYp,
264 2914 378 2946 corr.
412 2900 586 2946 Comm.
678 2900 815 2958 τομῇ]
849 2915 894 2956 p,
926 2901 1089 2958 τοτμῆι
1119 2903 1193 2946 W.
1297 2906 1365 2948 17.
1401 2898 1523 2946 ἐστιν
1556 2904 1627 2947 W.
1724 2908 1795 2948 19.
1875 2953 1877 2955 ,

118 2959 297 3015 ευρέθη
329 2974 372 3015 p.
496 2965 566 3004 21.
603 2960 673 3017 Η]
713 2973 736 3003 e
769 2972 882 3004 corr.
914 2974 975 3004 m.
1010 2964 1033 3002 1
1069 2961 1142 3004 W.
