2046 3256
146 1062 202 1103 10

144 1506 197 1547 15

142 1981 199 2022 20

143 2424 200 2466 25

240 137 308 190 78
904 138 1183 183 ΚΩΝΙΚΩΝ
1215 135 1279 184 δ’.

235 257 488 327 τομοῦσα
530 254 824 328 διάμετρος
861 255 964 327 τὴν
1003 262 1130 312 ΕΖ·
1173 256 1292 328 ἥξει
1332 255 1441 330 ἄρα
1483 253 1577 312 διὰ
1613 259 1716 313 τοῦ
1758 264 1810 314 Α
1846 258 1939 315 καὶ

237 348 390 400 ἔσται
431 344 725 416 διάμετρος
767 346 880 400 τῶν
921 343 1026 400 δύο
1067 347 1339 417 συζυγῶν.
1416 344 1576 418 ἤχθω
1618 344 1712 402 διὰ
1749 348 1852 403 τοῦ
1893 351 1947 403 Γ

235 431 385 506 παρὰ
430 433 529 499 τὰς
567 439 710 505 ΑΚ,
751 439 856 490 ΕΖ
901 431 936 505 ἡ
977 437 1228 490 ΓΛΔΒ·
1275 445 1431 506 τεμεῖ
1473 435 1585 507 ἄρα
1628 433 1728 502 τὰς
1767 434 1940 508 τομὰς

137 545 140 547 ·
233 521 352 577 κατ’
411 521 549 579 ἄλλο
604 524 697 579 καὶ
752 521 887 579 ἄλλο
943 534 1187 594 σημεῖον.
1276 527 1429 580 ἔσται
1483 523 1555 596 δὴ
1610 525 1672 581 ἐν
1721 524 1823 597 μὲν
1868 528 1934 599 τῇ

236 610 393 686 ἑτέρᾳ
443 619 535 684 ἴση
581 611 616 683 ἡ
658 617 762 668 ΓΛ
808 621 875 686 τῇ
916 618 1058 683 ΛΔ,
1108 613 1168 668 ἐν
1218 611 1282 668 δὲ
1328 615 1394 686 τῇ
1441 615 1609 686 λοιπῇ
1652 610 1687 685 ἡ
1727 617 1835 668 ΓΛ
1871 616 1938 685 τῇ

235 705 358 756 ΛΒ.
434 709 599 757 τοῦτο
642 701 704 757 δὲ
742 698 1043 757 ἀδύνατον.

346 789 421 861 μὴ
478 793 726 846 ἔστωσαν
783 789 852 861 δὴ
908 790 1276 866 παράλληλοι,
1309 791 1372 844 ac
1421 795 1566 861 ΑΚ,
1606 796 1740 862 ΕΖ,
1794 788 1936 847 ἀλλὰ

235 879 694 950 συμπιπτέτωσαν
732 878 871 934 κατὰ
910 878 973 935 τὸ
1015 885 1088 948 Κ,
1126 879 1219 934 καὶ
1258 876 1292 951 ἡ
1334 883 1445 934 ΓΔ
1483 877 1638 951 παρὰ
1676 877 1780 951 τὴν
1818 883 1941 935 ΑΚ

233 963 446 1038 ἠγμένη
487 967 836 1039 συμπιπτέτω
875 976 942 1041 τῇ
982 973 1088 1023 ΕΖ
1124 967 1263 1022 κατὰ
1300 966 1363 1024 τὸ
1404 973 1487 1039 Ν,
1532 965 1567 1040 ἡ
1608 967 1671 1024 δὲ
1707 973 1818 1024 ΑΒ
1859 971 1936 1024 δι-

233 1063 551 1127 χοτομοῦσα
589 1054 693 1128 τὴν
729 1063 832 1112 ΕΖ
872 1057 1112 1129 τεμνέτω
1152 1055 1247 1123 τὰς
1283 1056 1459 1129 τομὰς
1497 1056 1636 1113 κατὰ
1673 1055 1742 1112 τὰ
1771 1059 1835 1127 Ξ,
1871 1062 1936 1128 Ο,

230 1143 323 1199 καὶ
374 1144 752 1217 ἐφαπτόμεναι
791 1145 1062 1218 ἤχθωσαν
1101 1148 1215 1202 τῶν
1254 1148 1444 1218 τομῶν
1486 1144 1594 1202 ἀπὸ
1632 1148 1747 1202 τῶν
1784 1147 1856 1217 Ξ,
1890 1151 1938 1202 0

231 1234 294 1287 αἱ
335 1234 472 1304 ΞΠ,
515 1238 628 1288 ΟΡ.
714 1236 868 1289 ἔσται
915 1231 1050 1305 ἄρα,
1109 1230 1184 1299 ὥς
1235 1231 1299 1290 τὸ
1354 1230 1462 1290 ἀπὸ
1511 1240 1637 1289 ΑΠ
1681 1232 1820 1308 πρὸς
1872 1234 1935 1291 τὸ

232 1318 339 1376 ἀπὸ
375 1328 438 1376 Π
441 1323 504 1392 Ξ,
543 1321 607 1378 τὸ
648 1319 756 1378 ἀπὸ
789 1328 902 1377 ΑΡ
933 1321 1077 1396 πρὸς
1114 1321 1178 1379 τὸ
1212 1320 1319 1378 ἀπὸ
1354 1327 1474 1394 ΡΟ,
1513 1323 1606 1378 καὶ
1642 1321 1737 1379 διὰ
1768 1326 1933 1380 τοῦτο

233 1409 307 1476 ὣς
350 1409 412 1466 τὸ
460 1408 570 1467 ὑπὸ
609 1415 797 1466 ΔΝΓ
825 1410 970 1482 πρὸς
1009 1409 1071 1467 τὸ
1111 1408 1222 1466 ὑπὸ
1265 1417 1468 1481 ΕΝΖ,
1514 1410 1576 1468 τὸ
1616 1408 1726 1468 ὑπὸ
1766 1416 1941 1468 ΒΝΓ

231 1500 373 1572 πρὸς
410 1498 474 1555 τὸ
513 1497 622 1555 ὑπὸ
663 1505 855 1556 ΕΝΖ,
919 1507 1046 1556 ἴσον
1086 1498 1194 1572 ἄρα
1232 1498 1294 1555 τὸ
1337 1497 1450 1555 ὑπὸ
1490 1505 1676 1556 ΔΝΓ
1706 1503 1782 1577 τῷ
1822 1498 1933 1556 ὑπὸ

231 1593 422 1644 ΒΝΓ·
464 1587 598 1661 ὅπερ
640 1588 942 1644 ἀδύνατον.

1050 1691 1122 1747 ν’.

340 1792 471 1849 Ἐὰν
526 1792 809 1867 ὑπερβολὴ
871 1804 1003 1867 μιᾶς
1055 1798 1170 1851 τῶν
1228 1792 1628 1868 ἀντικειμένων
1681 1794 1813 1852 καθ’
1871 1798 1934 1853 ἓν

233 1895 464 1955 σημεῖον
514 1885 782 1957 ἐπιψαύῃ,
833 1882 867 1955 ἡ
917 1883 1267 1956 ἀντικειμένη
1316 1881 1457 1957 αὐτῇ
1502 1887 1568 1956 τῇ
1616 1884 1775 1960 ἑτέρᾳ
1818 1893 1933 1941 τῶν

231 1970 631 2044 ἀντικειμένων
695 1972 763 2029 οὐ
826 1983 1184 2045 συμπεσεῖται
1246 1972 1382 2028 κατὰ
1446 1977 1679 2030 πλείονα
1734 1984 1932 2046 σημεῖα

230 2058 264 2133 ἢ
308 2061 430 2118 δύο.

343 2155 591 2207 ἔστωσαν
623 2151 1003 2222 ἀντικείμεναι
1035 2153 1097 2206 αἱ
1123 2157 1252 2222 ΑΒ,
1285 2156 1484 2222 ΕΔΗ,
1523 2150 1616 2206 καὶ
1647 2147 1929 2223 ὑπερβολη

229 2237 265 2311 ἡ
304 2245 421 2296 ΑΓ
451 2244 549 2311 τῆς
588 2246 696 2295 ΑΒ
744 2239 1076 2312 ἐφαπτέσθω
1116 2261 1253 2295 κατα
1293 2238 1355 2295 τὸ
1398 2246 1477 2310 Α,
1523 2240 1617 2295 καὶ
1655 2241 1794 2294 ἔστω
1832 2240 1931 2309 τῆς

230 2333 344 2384 ΛΓ
377 2326 726 2400 ἀντικειμένη
761 2326 794 2399 ἡ
828 2334 1012 2384 ΕΔΖ.
1073 2328 1234 2399 λέγω,
1268 2325 1353 2384 ὅτι
1385 2325 1419 2398 ἡ
1452 2282 1621 2382 ΕΔΖ
1657 2329 1723 2400 τῇ
1748 2330 1934 2382 ΕΔΗ

234 2414 302 2473 οὐ
342 2427 698 2489 συμπεσεῖται
738 2415 875 2472 κατὰ
915 2419 1147 2472 πλείονα
1187 2426 1385 2492 σημεῖα
1424 2412 1457 2487 ἢ
1500 2413 1621 2472 δύο.

343 2508 395 2560 εἰ
437 2503 544 2576 γὰρ
595 2503 867 2575 δυνατόν,
917 2504 1272 2575 συμβαλλέτω
1311 2502 1448 2559 κατὰ
1488 2507 1615 2576 τρία
1650 2500 1718 2557 τοὶ
1758 2508 1831 2574 Δ,
1863 2508 1931 2574 Ε,

230 2600 302 2665 Θ,
349 2594 442 2649 καὶ
487 2591 647 2665 ἤχθω
694 2614 807 2647 των
847 2598 983 2663 ΑΒ,
1023 2598 1139 2648 ΛΓ
1179 2593 1530 2663 ἐφαπτομένη
1571 2588 1605 2662 ἡ
1645 2595 1788 2661 ΑΚ,
1834 2589 1927 2646 καὶ

234 2686 615 2754 ἐπιζευχθεῖσα
654 2678 689 2752 ἡ
731 2686 848 2735 ΔΕ
884 2680 1267 2752 ἐκβεβλήσθω,
1317 2681 1409 2736 καὶ
1449 2684 1697 2735 ἔστωσαν
1736 2676 1929 2751 πρότε-

351 2819 391 2858 3.
427 2814 624 2873 ΓΛΔΒ]
657 2828 702 2871 Ρ,
738 2816 914 2857 ΓΛΒΔ
940 2812 995 2857 V.
1107 2817 1175 2858 10.
1206 2811 1287 2869 τά]
1321 2826 1366 2869 Ρ,
1398 2811 1451 2856 τό
1476 2811 1531 2858 V.
1641 2815 1710 2855 22.
1743 2810 1926 2868 ΕΔΗ]

229 2888 274 2930 p,
309 2875 465 2916 ΔΕΗ
493 2872 547 2917 V.
692 2876 764 2916 24.
798 2871 956 2930 ΕΛΖ]
989 2886 1034 2928 p,
1068 2875 1207 2915 ΔΕΖ
1238 2871 1293 2916 V.
1423 2870 1583 2942 ΕΛΖ]
1615 2884 1662 2926 p,
1696 2871 1834 2914 ΔΕΖ
1865 2868 1925 2914 V

282 2932 462 2990 ΕΔΗ]
499 2947 545 2988 Ρ,
580 2934 733 2975 ΔΕΗ
758 2931 814 2976 V.
939 2935 1009 2975 26.
1044 2930 1186 2988 κατά]
1221 2944 1301 2987 cp,
1333 2946 1455 2974 κατα
1487 2927 1544 2972 τά
1577 2929 1631 2974 V.
