2046 3224
250 135 439 181 XLVIII
874 137 1341 183 PROLEGOMENA.

250 251 302 299 τὸ
323 260 365 299 Δ
458 252 536 335 αξ]
573 269 714 312 supra
738 268 827 300 scr.
926 259 982 300 21
1018 256 1125 315 ΘΒ]
1153 258 1242 302 ΒΘ
1334 260 1390 301 22
1423 253 1583 314 τήν-
1601 261 1658 302 23
1687 253 1823 318 πρός]
1858 273 1955 318 mg

311 326 366 366 23
401 317 504 367 ἄλλ’
525 348 579 355 -
606 326 664 366 24
696 318 893 403 duqffl'oev]
927 336 1018 367 om.
1126 328 1184 368 26
1218 320 1344 382 ἐστί]
1379 337 1468 369 om.

368 403 413 445 p.
448 393 549 446 388,
583 393 608 434 5
649 392 733 434 τοῦ
767 414 821 422 -
857 385 981 449 ἐστι’]
1022 404 1115 448 mg.
1237 391 1323 450 τῷ]
1355 390 1405 435 in
1436 404 1526 436 ras.
1650 395 1675 437 7
1717 389 1808 436 εἰσι
1837 407 1955 449 παρ-

249 452 441 512 άλληλοι
540 460 594 500 17
627 455 778 515 ΑΓΒ]
811 461 848 501 A
859 458 911 512 Γ,
937 459 1029 500 ΒΓ
1055 456 1445 514 συμπιπτέτωσαν
1476 455 1599 502 κατὰ
1630 453 1683 503 τὸ
1717 460 1763 502 Γ
1846 459 1952 519 AB]

251 526 332 566 BA
467 526 520 567 18
556 522 669 581 ZE]
702 525 788 567 EZ
936 527 988 568 19
1025 524 1135 583 ZE]
1171 527 1257 569 EZ
1400 528 1457 569 20
1491 524 1586 584 ἴση]
1621 525 1659 569 ἴ·
1692 539 1807 572 corr.
1841 539 1898 572 ex
1929 542 1951 572 ε

309 593 366 634 25
399 589 640 648 ΝΕΚΜ]
674 592 895 634 ΕΝΚΜ
1009 595 1066 636 26
1101 592 1204 650 ΓΔ]
1238 594 1332 636 ΕΔ

370 671 415 714 p.
450 660 552 713 390,
589 661 642 701 12
675 654 784 716 μέν]
819 671 907 702 om.
1005 662 1058 701 19
1091 655 1173 702 διά
1200 683 1254 691 -
1281 663 1338 703 20
1370 658 1472 717 τῆς]
1506 658 1557 704 in
1587 673 1675 705 ras.
1769 664 1826 706 26
1854 661 1952 719 ΓΑ]

250 724 343 765 ΑΓ
459 719 566 782 ἐπί]
600 719 629 780 ἡ
664 727 744 767 ΖΔ
778 719 862 768 ἐπί

370 804 413 847 p.
433 793 534 846 392,
566 796 588 834 1
615 791 727 849 ΚΛ]
758 792 839 835 ΘΛ
931 796 956 835 2
987 792 1087 850 ΘΛ]
1115 795 1209 836 ΛΚ
1296 796 1321 836 3
1349 788 1450 851 διά]
1478 788 1567 851 γὰρ
1594 789 1675 838 διά
1760 797 1811 850 Β,
1829 794 1889 853 Α]
1915 798 1954 839 Λ

249 855 332 900 καὶ
358 861 393 900 Β
489 862 515 902 6
550 857 723 916 ΗΜΒ]
755 858 848 902 τῶν
873 862 984 914 ΒΜ,
1009 861 1127 903 ΜΗ
1214 864 1237 904 7
1274 860 1382 918 AB]
1417 863 1453 903 Β
1487 873 1512 904 e
1544 873 1659 907 corr.
1754 864 1808 904 11
1843 861 1950 920 ΖΘ]

250 923 346 971 ΞΘ
437 929 492 968 27
527 925 654 983 ΔΗ]
690 928 795 969 ΔΗ
823 924 1212 982 συμπιπτέτωσαν
1244 923 1366 971 κατὰ
1399 922 1451 971 τὸ
1482 929 1533 970 Η
1619 931 1675 972 29
1703 927 1828 986 ΘΗ]
1856 928 1955 972 ΗΘ

369 1006 414 1047 p.
448 995 548 1047 394,
585 996 607 1034 1
651 986 745 1050 ὅτι]
779 987 852 1037 ὅτι
884 989 913 1048 ἡ
946 996 1030 1037 ΑΔ
1151 998 1176 1038 3
1209 994 1396 1052 ΛΜΝ]
1430 995 1597 1038 ΛΜΝ
1623 995 1955 1052 συμπίπτουσα

249 1056 305 1114 τῇ
340 1059 424 1101 ΓΖ
455 1059 522 1115 (in
553 1059 661 1115 ras.)
694 1054 815 1103 κατὰ
848 1054 902 1103 τὸ
934 1061 988 1103 Ν
1076 1064 1103 1104 8
1135 1056 1230 1104 ὑπὸ
1265 1059 1432 1118 ΒΞΕ]
1465 1055 1560 1105 ἀπὸ
1595 1060 1678 1117 τῆς
1709 1061 1803 1109 ΞΕ
1898 1067 1950 1106 11

248 1122 328 1182 τό]
370 1123 435 1183 τῷ
556 1125 641 1185 τῷ]
674 1121 728 1171 τό
854 1129 907 1170 12
949 1124 1031 1184 τό]
1073 1126 1135 1187 τῷ
1258 1127 1348 1187 τῷ]
1387 1125 1443 1173 τό
1571 1130 1627 1171 14
1664 1127 1802 1186 ΜΠ]
1844 1130 1958 1172 HM

310 1191 484 1250 ΑΘΗ]
522 1191 614 1236 τῶν
650 1193 759 1248 ΗΘ,
797 1193 878 1237 ΘΛ
1002 1196 1055 1236 17
1096 1193 1202 1251 τοῦ]
1236 1208 1378 1251 supra
1410 1207 1494 1238 scr.
1621 1194 1722 1239 ἴσον
1754 1190 1871 1253 ἄρα]
1903 1194 1954 1239 in

249 1270 337 1302 ras.
451 1262 505 1303 18
539 1255 591 1304 τό
626 1284 683 1292 —-
718 1263 771 1304 19
805 1254 921 1317 ἄρα]
954 1274 1046 1317 mg.
1166 1264 1220 1304 18
1253 1261 1359 1319 τοῦ]
1394 1275 1484 1306 om.
1605 1265 1659 1305 19
1692 1257 1889 1319 εὐθεῖα]
1921 1258 1950 1318 ἡ

308 1321 338 1380 ἡ
373 1325 498 1383 ΛΗ]
535 1329 628 1370 ΗΛ
661 1326 770 1383 δίχα
863 1324 929 1377 εἰς
961 1325 1049 1383 μὲν
1075 1326 1175 1385 ἴσα]
1209 1340 1300 1372 om.
1392 1333 1450 1372 20
1482 1328 1619 1386 ΜΠ]
1651 1330 1768 1372 ΠΜ

368 1407 414 1449 p.
447 1397 549 1450 396,
585 1396 640 1438 10
673 1393 730 1452 Β]
765 1407 882 1439 corr.
916 1406 971 1437 ex
1003 1396 1047 1436 Γ
1163 1394 1284 1453 AE]
1319 1396 1411 1439 EA
1533 1394 1650 1453 ΒΚ]
1683 1397 1771 1439 KB
1896 1400 1951 1440 13

249 1457 370 1516 ΓΚ]
403 1461 500 1502 ΚΓ
597 1463 650 1503 15
687 1460 808 1519 ΓΗ]
846 1464 945 1504 ΗΓ
1039 1461 1151 1519 ΑΓ]
1187 1463 1263 1505 ΓΑ
1367 1466 1420 1506 16
1452 1461 1555 1519 τῆς]
1589 1461 1644 1520 τῇ
1745 1464 1846 1506 ΓΗ
1871 1463 1953 1518 τῆς

247 1528 284 1567 A
297 1524 363 1583 Γ]
399 1528 499 1569 ΗΓ
525 1526 579 1585 τῇ
617 1529 693 1570 ΓΑ
787 1530 843 1571 20
876 1522 1008 1586 ἀχθῇ
1043 1544 1112 1578 τις
1144 1524 1319 1572 εὐθεῖα
1411 1531 1468 1572 22
1503 1523 1720 1586 εὐθείας]
1754 1523 1955 1581 εὐθείας

249 1588 367 1648 πρὸς
406 1588 580 1649 ἄλληλα
717 1597 773 1637 23
813 1591 904 1650 γάρ
940 1620 994 1626 —-
1027 1590 1296 1653 ὑπερβολή]
1338 1590 1575 1655 ὑπερβολὴ
1615 1592 1645 1652 ἡ
1677 1598 1761 1639 ΑΒ
1895 1601 1952 1641 25

249 1659 504 1718 ΓΑΛΖΗ]
541 1662 774 1705 ΓΛΑΖΗ
890 1665 946 1705 27
978 1661 1087 1719 ΑΛ]
1121 1664 1205 1705 ΛΑ

367 1741 412 1783 p.
448 1731 548 1783 398,
583 1732 607 1771 1
643 1727 754 1786 ΖΤ]
794 1730 874 1771 ΤΖ
988 1731 1016 1770 4
1050 1728 1169 1786 ΛΣ]
1205 1730 1303 1771 ΔΣ
1333 1723 1458 1772 ἐστιν
1493 1729 1568 1785 ἴση
1683 1731 1710 1773 5
1743 1729 1839 1788 ἴση]
1874 1730 1951 1787 ἴση

249 1788 374 1837 ἐστίν
498 1794 618 1853 AY]
654 1797 737 1838 TA
859 1799 884 1838 6
927 1794 1047 1852 ΔΤ]
1087 1797 1167 1838 ΤΔ
1292 1798 1343 1838 11
1385 1795 1514 1854 ΚΝ]
1548 1791 1599 1840 τὸ
1635 1797 1739 1840 ΚΝ
1766 1797 1821 1840 ut
1852 1810 1950 1842 sae·
2007 1826 2011 1830 -

247 1859 354 1916 pius
474 1867 526 1904 12
560 1861 669 1919 ΔΒ]
705 1863 786 1904 BA
910 1865 964 1905 13
999 1861 1112 1919 AO]
1148 1863 1242 1904 ΔΕ
1369 1865 1421 1906 15
1454 1857 1505 1905 τὸ
1540 1862 1673 1920 AM]
1706 1858 1759 1907 τὸ
1790 1865 1899 1907 ΛΜ
1924 1875 1950 1907 e

246 1940 362 1971 corr.
489 1932 541 1971 17
574 1928 658 1987 τῷ]
693 1941 809 1972 corr.
844 1941 899 1971 ex
931 1924 984 1971 τό

365 2008 411 2050 p.
438 1997 540 2049 400,
566 1998 592 2037 2
626 1991 776 2052 ἁφῆς]
803 2007 893 2039 om.
990 1998 1043 2037 12
1070 1989 1229 2052 ἤχθω]
1257 2008 1347 2038 om.
1443 1998 1497 2038 13
1522 1992 1551 2051 ἡ
1578 1996 1729 2055 ΚΒΑ]
1753 1993 1890 2053 ἤχθω
1914 2013 1943 2053 η

246 2064 387 2104 ΑΒΚ
477 2057 645 2117 οὕτως]
664 2075 754 2105 om.
851 2065 904 2104 18
930 2058 958 2116 ἡ
976 2061 1147 2105 ΔΘ-
1168 2065 1219 2105 19
1242 2060 1358 2119 ΗΘ]
1386 2073 1476 2105 om.
1571 2066 1625 2107 23
1651 2058 1703 2108 τὰ
1725 2061 1835 2122 ΓΘ]
1854 2063 1947 2108 ΓΘ

308 2132 366 2171 24
397 2124 472 2186 τό]
507 2140 597 2173 om.
692 2131 748 2171 26
781 2128 856 2184 ἴση
893 2124 1040 2186 ἐστίν]
1073 2140 1099 2171 e
1132 2140 1247 2172 corr.
1342 2131 1399 2172 28
1433 2129 1534 2172 ἴσον
1553 2128 1683 2187 (pr.)]
1715 2129 1817 2174 ἴσον
1851 2125 1953 2175 ἐστί

366 2209 409 2251 p.
444 2199 544 2249 402,
580 2197 603 2236 1
640 2193 756 2252 ΡΗ]
794 2197 886 2238 ΗΡ
1003 2200 1029 2238 2
1062 2194 1177 2252 ΒΓ]
1213 2195 1299 2238 ΘΒ
1422 2199 1448 2239 3
1479 2195 1592 2253 ΛΘ]
1625 2191 1676 2240 τὸ
1708 2196 1802 2240 ΛΘ
1917 2199 1947 2240 4

250 2262 361 2319 ΓΘ]
393 2258 444 2306 τὸ
476 2261 566 2305 ΓΘ
661 2264 713 2304 12
747 2261 835 2318 τις]
872 2277 940 2312 τις
973 2257 1148 2305 εὐθεῖα
1242 2264 1294 2304 15
1327 2261 1431 2319 τῆς]
1465 2261 1547 2317 τῆς
1578 2256 1661 2306 ε’πί
1750 2266 1804 2306 18
1838 2262 1943 2321 ΓΖ]

246 2331 334 2372 ΖΓ
449 2325 478 2383 ἡ
514 2329 597 2371 ΖΕ
636 2353 684 2358 -
720 2343 763 2384 p.
797 2331 899 2382 404,
932 2331 958 2369 3
993 2328 1096 2385 ΓΛ]
1129 2326 1203 2371 bis

366 2409 410 2451 p.
444 2396 545 2449 404,
583 2397 605 2437 1
647 2391 730 2444 τὰς
761 2394 864 2448 ΑΘ,
896 2393 1012 2451 ΛΓ]
1047 2394 1134 2450 μὲν
1167 2390 1251 2449 τὴν
1283 2394 1372 2437 ΑΘ
1493 2399 1519 2437 2
1561 2395 1664 2437 ΔΠ
1690 2419 1745 2426 -
1778 2396 1944 2452 NAO]

245 2463 466 2515 ΛΖΚΜ,
499 2461 666 2515 ΝΔΟ,
708 2455 839 2515 παρὰ
873 2455 1043 2515 δὲτὴν
1075 2463 1171 2504 ΛΓ
1205 2457 1260 2504 αἰ
1287 2463 1388 2515 ΖΡ,
1422 2462 1524 2503 ΛΠ
1640 2465 1667 2505 3
1700 2460 1811 2519 ΖΓ]
1848 2464 1892 2505 Γ
1917 2474 1943 2506 e

246 2542 362 2574 corr.
486 2526 591 2585 AZ]
625 2538 739 2571 corr.
772 2540 828 2571 ex
860 2527 955 2574 ΛΞ
1076 2531 1130 2570 10
1163 2526 1334 2584 ΔΠΟ]
1369 2529 1522 2571 ΔΟΠ

364 2609 409 2652 p.
442 2597 543 2648 406,
578 2597 603 2636 2
639 2589 742 2650 ἐπί]
779 2607 868 2637 om.
990 2588 1385 2650 ἐπιζευγνυούσης
1506 2598 1532 2637 3
1566 2594 1672 2652 ΒΓ]
1708 2597 1792 2638 ΓΒ
1887 2599 1942 2639 12

242 2659 362 2741 ἀπό]
396 2658 475 2705 διά
587 2663 642 2703 14
676 2660 965 2718 ΔΘΗΞΝ]
1001 2661 1213 2707 ΛΗΞΝ
1325 2664 1379 2705 18
1412 2660 1516 2718 ΛΑ]
1551 2665 1585 2702 Α
1619 2673 1644 2705 e
1675 2673 1790 2706 corr.
1884 2664 1941 2705 22

244 2726 297 2774 τὸ
331 2724 426 2773 απὸ
462 2729 548 2772 ΖΟ
579 2752 635 2759 -
663 2731 719 2770 23
754 2724 835 2784 ὡς]
868 2739 957 2773 om.

366 2811 411 2852 p
444 2798 547 2849 408,
579 2797 605 2838 8
647 2792 708 2851 A]
750 2795 785 2835 E
906 2798 932 2837 9
969 2794 1092 2852 ΕΗ]
1126 2795 1211 2837 ΕΖ
1335 2797 1388 2837 12
1422 2794 1623 2838 ΕΘΣΚ
1743 2798 1795 2837 13
1830 2793 1935 2852 ΖΡ]

248 2865 329 2905 ΖΡ
359 2856 663 2919 ἐκβεβλήσθω
705 2857 756 2904 δὲ
791 2859 874 2903 καὶ
904 2857 933 2915 ἡ
967 2864 1056 2903 ΑΔ
1089 2856 1167 2904 ἐπὶ
1198 2857 1251 2904 τὸ
1283 2862 1330 2903 Σ
1450 2865 1504 2905 17
1546 2860 1663 2918 ΖΜ]
1697 2863 1732 2903 Ζ
1764 2874 1788 2904 e
1821 2873 1939 2904 corr-

306 2927 436 2985 ΞΜ]
478 2927 585 2975 ΜΞ
722 2926 841 2984 ΘΕ]
881 2926 963 2982 τῆς
1003 2927 1099 2970 ΕΘ
1237 2930 1290 2970 18
1331 2926 1447 2984 ΜΖ]
1488 2926 1570 2982 τῆς
1610 2929 1712 2970 ΖΜ
1840 2921 1939 2971 ἀπὸ
