2046 3224
241 127 390 173 LXVI
861 129 1327 173 PROLEGOMENA.
1354 116 1359 121 “

242 249 289 293 et
320 263 366 305 p.
400 251 485 291 317
518 248 656 304 not.);
697 260 756 290 ne
790 246 839 290 in
871 246 914 303 1,.
943 251 997 291 18
1031 246 1218 304 quidem
1249 247 1447 305 figuram
1480 247 1679 292 alteram
1710 261 1756 304 p.
1791 250 1861 303 71,
1893 246 1943 291 in

242 327 337 370 qua
375 313 561 358 litterae
595 318 645 369 A,
679 317 714 357 Β
748 314 797 358 et
831 317 881 370 Γ,
917 319 958 358 Δ
997 314 1336 371 permutandae
1370 316 1524 371 erant,
1563 316 1618 359 ut
1649 327 1754 359 cum
1784 313 1942 358 uerbis

240 378 483 438 Apollonii
531 380 868 438 consentirent,
916 380 1083 428 habuit
1125 379 1349 426 Eutocius
1390 381 1433 425 ll
1472 396 1517 438 p.
1550 383 1660 437 2⁴30,
1695 385 1762 426 19.
1833 393 1944 426 con-

242 447 522 492 cludendum
559 446 717 505 igitur,
750 447 1052 505 Apollonium
1075 447 1231 505 ipsum
1253 448 1302 492 in
1325 447 1488 505 figuris
1512 446 1669 494 uarios
1693 460 1828 492 casus
1850 460 1944 492 non

240 514 501 572 respexisse
528 513 698 571 (sicubi
721 515 770 559 in
797 513 952 559 uerbis
978 514 1390 560 demonstrationis
1415 527 1494 559 eos
1519 514 1739 572 respexit,
1763 513 1813 557 id
1836 526 1942 558 cum

239 580 441 626 Eutocio
479 580 523 624 I[
562 596 607 638 p.
640 584 742 638 320,
776 586 832 626 24
873 581 1245 639 explicandum),
1293 581 1377 626 sed
1427 579 1478 624 in
1517 579 1714 638 singulis
1753 581 1943 626 demon-

241 646 547 692 strationibus
582 649 719 704 (quae
753 662 858 693 cum
889 654 1083 693 numero
1116 646 1490 706 propositionum
1521 662 1616 693 non
1639 646 1945 705 concordant)

239 727 382 759 unam
415 713 614 772 dedisse,
653 716 831 759 ceteras
867 715 1024 760 autem
1056 714 1305 774 paullatim
1335 715 1648 772 interpolatas
1681 727 1796 772 esse,
1828 727 1941 759 non-

239 780 396 826 nullas
427 783 538 839 post
568 780 830 827 Eutocium.

58 847 286 889 interpolati
272 859 327 882 1-ο
394 847 553 894 Etiam
584 847 974 906 interpolationes
1007 863 1146 906 supra
1167 850 1362 894 notatae
1389 848 1487 894 sine
1520 848 1662 894 dubio
1687 848 1941 894 maximam

59 895 331 972 Μ’,ξζξζέω
397 916 583 973 partem
597 918 707 973 post
719 915 967 961 Eutocium
985 918 1114 962 ortae
1133 918 1261 973 sunt,
1278 916 1532 974 pleraeque
1549 916 1674 961 enim
1687 914 1943 961 futtilibres

242 986 351 1028 sunt
404 996 545 1038 quam
599 997 685 1039 pro
740 985 839 1027 eius
887 982 1086 1028 scientia
1135 982 1530 1029 mathematicess
1587 984 1636 1028 et
1672 982 1942 1034 ‚editionem

241 1048 341 1094 eius
373 1063 466 1095 non
497 1063 685 1107 prorsus
717 1049 950 1107 integram
985 1051 1046 1094 ad
1076 1064 1161 1096 nos
1191 1051 1476 1108 peruenisse,
1511 1049 1766 1095 ostendunt
1797 1049 1941 1107 scrip·

238 1117 373 1161 turae
414 1130 443 1160 a
474 1115 647 1161 nostris
679 1115 923 1162 codicibus
956 1116 1298 1175 discrepantes,
1339 1130 1459 1174 quae
1490 1117 1541 1161 in
1570 1115 1808 1162 lemmatis
1841 1114 1941 1161 eius

241 1185 458 1228 seruatae
498 1184 627 1240 sunt3
667 1197 779 1227 nam
818 1197 1102 1240 quamquam
1142 1199 1293 1242 neque
1335 1198 1495 1230 omnes
1525 1197 1609 1241 per
1641 1197 1691 1228 se
1723 1181 1940 1228 meliores

242 1251 351 1294 sunt
382 1251 431 1294 et
463 1263 603 1307 saepe
636 1250 778 1295 etiam
809 1250 859 1295 in
890 1249 1063 1295 nostris
1097 1251 1333 1297 codicibus
1365 1250 1585 1296 fortuitus
1609 1249 1790 1296 librarii
1815 1262 1943 1295 error

241 1328 346 1360 esse
377 1318 558 1374 potest,
590 1316 869 1374 praesertim
901 1332 1007 1363 cum
1040 1316 1141 1364 cod.
1175 1318 1235 1362 W
1265 1318 1452 1364 Eutocii
1483 1318 1664 1363 duobus
1695 1316 1942 1362 minimum

241 1381 442 1428 saeculis
491 1383 728 1440 antiquior
774 1383 838 1428 sit
886 1383 1125 1429 codicibus
1171 1384 1435 1442 Apollonii,
1481 1386 1642 1430 tamen
1687 1383 1943 1429 nonnullae

240 1449 492 1495 manifesto
524 1450 912 1507 interpolatorem
944 1451 1178 1509 produnt?
1227 1455 1338 1497 sunt
1367 1451 1513 1509 igitur
1543 1452 1656 1497 hae:

359 1516 382 1559 I
405 1532 450 1574 p.
477 1522 518 1574 4,
545 1522 570 1561 5
603 1517 735 1576 περί]
759 1514 890 1574 παρά
916 1517 1142 1563 Eutocius
1167 1518 1211 1562 II
1234 1534 1278 1576 p.
1308 1524 1406 1577 178,
1434 1523 1456 1562 1
1485 1518 1608 1575 (fort.
1634 1516 1771 1564 scrib.
1796 1518 1942 1575 περί),

361 1583 383 1627 Ι
414 1599 459 1641 p.
490 1588 559 1639 18,
591 1588 620 1626 4
651 1581 923 1645 τετμήσθω]
956 1585 1207 1643 τετμήσθω
1241 1582 1265 1630 ὁ
1292 1586 1443 1637 κῶνος
1473 1585 1637 1631 Eutoc.
1669 1601 1716 1643 p.
1741 1589 1842 1642 204,
1869 1588 1941 1642 20,

361 1649 382 1692 I
420 1666 465 1707 p.
503 1654 571 1707 18,
605 1654 631 1694 5
679 1647 762 1695 τὸν
802 1655 894 1695 ΒΓ
932 1650 1126 1711 κύκλον]
1162 1650 1247 1710 τὴν
1288 1648 1426 1712 βάσιν
1465 1652 1630 1698 Eutoc.
1669 1667 1714 1709 p.
1748 1656 1850 1710 204,
1883 1655 1937 1696 21

242 1716 344 1774 (sed
373 1715 464 1760 hoc
495 1716 600 1762 loco
632 1716 830 1763 fortasse
862 1732 957 1763 non
990 1719 1051 1762 ad
1081 1719 1275 1764 uerbum
1308 1720 1452 1765 citare
1483 1718 1677 1777 uoluit),

358 1782 456 1840 Ip.
484 1788 554 1839 18,
581 1789 606 1828 6
640 1781 719 1843 δή]
753 1784 807 1829 δέ
839 1784 1003 1830 Eutoc.
1035 1801 1080 1843 p.
1107 1789 1208 1843 206,
1236 1791 1275 1842 7,

358 1849 380 1893 Ι
411 1865 457 1907 p.
487 1855 555 1907 18,
583 1857 607 1896 7
642 1847 761 1910 ὄντι]
796 1850 883 1909 μέν
915 1852 1079 1909 Eutoc.
1121 1868 1166 1910 p.
1193 1858 1294 1910 206,
1320 1858 1361 1910 8,
1395 1853 1555 1912 ΑΒΓ]
1590 1849 1671 1898 διὰ
1711 1854 1795 1898 τοῦ
1832 1849 1939 1908 ἄξο-

238 1933 321 1969 νος
350 1916 478 1974 ibid,

360 1986 380 2029 I
412 2000 455 2042 p.
494 1990 562 2041 18,
597 1990 623 2030 8
656 1987 885 2042 τρίγωνον
921 1982 1040 2044 πρὸς
1070 1987 1132 2044 τῷ
1166 1990 1202 2030 Α
1237 1988 1412 2045 σημείῳ
1444 1983 1496 2031 τὸ
1530 1987 1703 2047 AKH]
1735 1984 1853 2046 πρὸς
1882 1988 1938 2047 τῇ

239 2052 427 2110 κορυφῇ
476 2052 705 2109 τρίγωνον
745 2051 909 2098 Eutoc.
962 2069 1007 2110 p.
1040 2058 1142 2110 206,
1176 2060 1201 2099 9
1245 2055 1321 2111 (ne
1360 2053 1438 2098 hic
1479 2053 1670 2110 quidem
1708 2053 1837 2100 locus
1877 2054 1936 2100 ad

238 2118 437 2162 uerbum
471 2119 641 2164 citatus
675 2133 775 2164 esse
807 2119 1025 2178 uidetur),

358 2185 380 2228 Ι
410 2201 456 2243 p
489 2192 561 2243 38,
594 2190 651 2231 25
684 2187 793 2246 ΖΘ]
830 2189 917 2232 ΘΖ
949 2189 1112 2233 Eutoc.
1142 2203 1189 2245 p.
1215 2192 1316 2244 216,
1351 2193 1420 2244 15,
1891 2198 1897 2204 ·

360 2253 381 2296 Ι
411 2267 456 2310 p.
491 2257 571 2310 40,
604 2257 630 2297 8
681 2253 792 2312 τῶν]
827 2267 916 2299 om.
964 2253 1126 2299 Eutoc.
1176 2270 1221 2312 p.
1255 2259 1363 2311 218,
1399 2259 1445 2311 13
1494 2270 1537 2312 p.
1571 2259 1643 2312 40,
1676 2260 1702 2300 9
1741 2255 1813 2314 τε]
1847 2268 1939 2302 om.

238 2334 283 2376 p.
318 2323 418 2377 218,
451 2325 492 2377 2,

358 2386 380 2428 Ι
410 2400 454 2443 p.
489 2393 567 2444 66,
604 2392 657 2431 10
698 2383 793 2431 ἐστὶ
834 2387 941 2445 καί]
976 2402 1066 2432 om.
1106 2389 1270 2434 Eutoc.
1302 2403 1346 2445 p.
1381 2392 1488 2444 224,
1522 2393 1563 2445 2,
1604 2384 1634 2445 ἡ
1666 2387 1776 2447 ΑΚ]
1812 2385 1938 2435 ἐστὶν

238 2450 269 2509 ἡ
302 2455 389 2496 ΚΑ
422 2452 585 2498 Eutoc.
619 2469 664 2510 p.
689 2458 789 2510 224,
823 2459 864 2510 3,
915 2471 920 2475 ’

361 2519 381 2562 1
412 2534 458 2576 p.
484 2525 554 2575 66,
583 2524 635 2563 11
670 2520 775 2579 ΛΒ]
809 2524 893 2564 ΒΛ
926 2521 1090 2566 Eutoo.
1123 2536 1165 2578 p.
1200 2525 1301 2577 224,
1333 2527 1375 2578 3,

361 2586 381 2629 I
413 2601 458 2643 p.
485 2591 556 2643 94,
594 2591 647 2631 13
680 2583 792 2646 ἄρα]
827 2600 918 2632 om.
949 2587 1112 2633 Eutoc.
1144 2602 1190 2644 p.
1216 2592 1317 2643 244,
1343 2593 1414 2644 23,

361 2652 382 2695 Ι
413 2668 458 2710 p.
486 2656 586 2708 102,
612 2657 670 2697 24
707 2650 760 2697 τὸ
793 2650 887 2709 ἄρα
918 2650 1014 2698 ὑπὸ
1044 2655 1195 2703 ΑΝΞ
1222 2651 1383 2711 μεῖζόν
1417 2651 1534 2714 ἐστι]
1567 2658 1726 2713 μεῖζον
1757 2652 1853 2713 ἄρα
1882 2653 1935 2701 τὸ

240 2715 334 2765 ὑπὸ
368 2722 519 2768 ΑΝΞ
549 2720 710 2764 Eutoc.
743 2735 787 2776 p.
814 2724 915 2775 248,
943 2721 1036 2777 6,*>

361 2787 381 2830 I
405 2801 449 2844 p.
473 2791 568 2843 104,
596 2792 621 2831 3
647 2787 755 2845 KB]
784 2789 872 2830 ΒΚ
893 2786 1057 2832 Eutoc.
1081 2802 1126 2843 p.
1145 2791 1246 2843 248,
1271 2792 1349 2843 23,
1376 2783 1543 2846 οὕτως]
1569 2802 1657 2833 om.
1683 2804 1727 2846 p.
1744 2793 1845 2846 248,
1864 2793 1935 2846 24,

361 2921 405 2978 *)
439 2922 492 2964 N
499 2923 540 2966 Ο
570 2920 612 2964 ΙΙ
644 2936 689 2977 p.
723 2924 824 2975 248,
860 2925 884 2964 7
918 2933 1044 2965 error
1074 2920 1351 2978 typothetae
1383 2923 1456 2965 est
1486 2935 1571 2977 pro
1604 2923 1657 2966 Ν
1662 2922 1717 2969 Ξ.
