2046 3224
732 162 1192 204 PROLEGOMENA.
1623 156 1812 201 LXXXI

125 281 221 325 Iun.
251 281 399 337 1428).
456 279 538 336 qui
569 278 716 323 codex
746 278 838 322 nisi
868 276 1022 334 periit,
1056 277 1181 333 quod
1211 290 1376 334 parum
1406 275 1508 320 ueri
1540 275 1691 323 simile
1724 277 1808 330 est,

127 349 210 392 aut
239 348 283 392 V
314 348 387 391 est
418 348 498 391 aut
527 361 558 390 v
589 346 671 390 aut
702 359 748 401 p,
782 344 862 400 qui
894 343 982 388 soli
1013 358 1069 388 ex
1103 343 1281 388 oriente
1314 342 1541 401 asportati
1575 344 1695 388 sunt.

246 411 425 458 Deinde
469 412 654 457 saeculo
694 410 779 454 XV
819 409 913 455 cito
955 410 1138 455 codices
1178 409 1454 454 Conicorum
1500 423 1584 465 per
1622 408 1810 453 ltaliam

126 478 431 524 describendo
461 477 713 536 propagati
745 479 866 521 sunt.

245 545 426 590 Primus
450 546 715 601 fragmenta
737 544 962 588 nonnulla
987 557 1011 587 e
1037 543 1214 588 Graeco
1237 543 1467 587 translata
1492 542 1638 587 edidit
1662 542 1804 586 Geor-
1820 553 1988 589 &Ualla

128 612 234 669 gius
276 613 416 656 Ualla
461 610 530 656 De
578 609 848 668 expetendis
895 611 944 654 et
988 609 1223 666 fugiendis
1268 610 1406 653 rebus
1453 609 1634 671 (Uenet.
1676 609 1810 665 1501)

127 678 250 733 XIII,
282 684 308 723 3
341 678 417 736 (de
449 677 629 723 comica
660 676 929 732 sectionem.
983 676 1052 720 ibi
1085 676 1204 720 enim
1237 677 1354 738 haec
1385 677 1547 720 habet:
1581 675 1741 719 Eutoc.
1765 674 1811 718 Π

126 759 172 801 p.
201 748 299 800 168,
332 748 553 800 17-174,
588 749 661 798 17;
695 743 911 800 Apollon.
943 742 965 785 Ι
996 742 1100 788 deff.
1135 743 1224 798 (his
1254 741 1542 799 praemissis:
1575 744 1809 787 caeterum

128 823 218 866 quo
251 810 345 854 sint
375 825 495 867 quae
528 809 744 855 dicuntur
776 808 1108 867 euidentiora);
1141 809 1303 854 Eutoc.
1329 809 1373 851 ΙΙ
1403 824 1448 866 p.
1477 813 1575 865 178,
1610 812 1664 852 18
1698 805 1812 858 ἔθος

129 901 183 909 --
205 880 414 932 184„20;
461 892 506 934 p.
542 881 640 932 186,
678 881 841 931 1—103
882 875 1102 932 Aponon.
1135 875 1169 930 Ι,
1205 880 1244 930 1,
1277 881 1318 931 3,
1352 878 1392 931 5,
1427 879 1503 930 173
1543 875 1600 929 ΙΙ,
1633 878 1704 931 38,
1738 882 1808 922 39.

127 936 244 987 haec
276 957 301 987 e
334 943 433 988 cod.
467 943 631 987 Mutin.
664 943 708 985 II
739 942 778 985 D
812 947 840 985 4
878 941 1052 999 petiuit
1081 942 1239 998 Ualla,
1279 941 1359 997 qui
1391 942 1536 987 codex
1568 943 1681 988 olim
1713 944 1811 990 eius

56 1019 73 1034 ·
126 1008 232 1054 fuit.
294 1009 496 1054 uidimus
537 1023 696 1066 supra,
739 1022 844 1052 eum
884 1022 908 1052 e
944 1007 1099 1053 'Uatic.
1132 1013 1217 1053 203
1258 1007 1485 1065 originem
1525 1010 1715 1067 ducere3
1763 1013 1812 1056 et

38 1103 46 1111 -
126 1075 268 1119 Ualla
298 1076 484 1133 saepius
525 1076 778 1132 scripturas
817 1075 954 1119 huius
988 1074 1162 1119 codicis
1194 1075 1406 1131 proprias
1447 1076 1505 1120 ob
1538 1077 1697 1122 oculos
1728 1078 1810 1122 ha-

126 1141 244 1197 buit,
276 1143 407 1186 uelut
429 1142 472 1185 H
501 1158 546 1199 p.
577 1147 674 1198 178,
701 1147 756 1185 25
792 1138 908 1199 ἐστι]
942 1155 1030 1187 om.
1057 1158 1100 1196 v,
1131 1155 1226 1185 non
1250 1144 1474 1197 punctum
1505 1157 1649 1187 unum
1670 1144 1810 1189 modo

126 1208 372 1265 problema
408 1208 525 1254 facit
563 1208 721 1262 Ualla3
770 1223 815 1264 p.
850 1213 948 1263 182,
985 1213 1039 1251 14
1083 1204 1185 1252 ἀλλ’
1219 1205 1284 1258 ὡς
1314 1234 1369 1240 --
1407 1215 1458 1253 16
1504 1210 1617 1268 ΖΘ]
1658 1209 1731 1255 bis
1766 1226 1809 1267 v,

126 1274 285 1330 Ualla;
317 1290 362 1332 p.
398 1280 495 1331 182,
529 1280 585 1319 23
617 1275 716 1334 ΒΛ]
751 1276 839 1318 ΒΘ
870 1290 913 1330 v,
947 1275 1011 1319 bh
1042 1274 1194 1319 Ualla,

247 1341 411 1386 Totius
452 1343 604 1398 operis
646 1342 1081 1397 interpretationem
1120 1341 1296 1398 primus
1338 1355 1362 1385 e
1395 1341 1571 1386 Graeco
1611 1343 1811 1387 confecit

127 1407 323 1453 Ioannes
354 1407 570 1465 Baptista
592 1409 773 1452 Memus
804 1407 1028 1464 patricius
1060 1407 1263 1452 Uenetus
1295 1408 1342 1452 et
1372 1407 1810 1453 mathematicarum

129 1474 302 1519 artium
332 1473 542 1519 Uenetiis
574 1473 751 1530 „lector
781 1474 1039 1530 publicus“,
1079 1488 1220 1529 quam
1259 1488 1283 1518 e
1316 1474 1500 1519 schedis
1533 1467 1630 1519 eius
1662 1475 1812 1521 edidit

127 1541 325 1585 Ioannes
363 1540 515 1585 Maria
551 1541 730 1586 Memus
776 1554 921 1598 nepos
969 1539 1180 1584 Uenetiis
1223 1543 1350 1585 1537.
1422 1554 1476 1584 ex
1519 1541 1810 1597 praefatione

128 1606 227 1650 eius
259 1605 341 1652 fol.
377 1612 430 1650 111
469 1606 586 1652 haec
625 1606 806 1651 adfero:
856 1620 960 1651 cum
998 1605 1318 1662 postvobitum
1348 1605 1534 1651 Ioannis
1565 1606 1810 1665 Baptistae

127 1672 274 1722 Memi
309 1672 468 1731 patrui
503 1673 598 1716 mei
635 1673 724 1717 viri
766 1672 852 1717 etsi
885 1671 936 1716 in
967 1672 1094 1717 omni
1126 1673 1426 1717 scientiarum
1456 1687 1625 1730 genere
1658 1673 1810 1718 erudi-

127 1737 298 1783 tissimi
321 1739 759 1784 mathematicarum
784 1740 942 1783 tamen
966 1739 1102 1783 huius
1128 1739 1295 1783 aetatis
1319 1739 1458 1783 facile
1474 1739 1700 1796 principis
1719 1775 1730 1785 .
1745 1775 1754 1785 .
1772 1777 1781 1786 .
1798 1776 1808 1786 .

128 1805 475 1850 Bibliothecam
505 1804 653 1862 ipsius
687 1805 1012 1861 discurrerem,
1051 1805 1329 1861 Apollonius
1362 1807 1587 1862 Pergeus,
1626 1805 1810 1851 Mathe-

1839 1348 1989 1381 Memus

127 1871 327 1916 maticus
357 1873 480 1916 inter
510 1885 704 1929 graecos
736 1871 906 1916 author
937 1870 1261 1928 grauissimus,
1303 1871 1362 1915 ab
1386 1871 1489 1928 ipso
1514 1873 1680 1929 patruo
1704 1885 1809 1916 meo
1845 1903 1851 1910 -

128 1938 250 1996 [qui]
284 1940 492 1982 extrema
523 1952 606 1982 sua
637 1938 726 1982 hac
756 1937 1110 1994 ingrauescente
1141 1939 1318 1993 aetate,
1357 1939 1491 1994 quasi
1529 1937 1648 1982 alter
1680 1937 1809 1994 Cato,

126 2005 287 2049 literas
319 2019 508 2061 graecas
541 2004 789 2059 didicerat,
821 2003 1059 2049 latinitate
1091 2003 1313 2059 donatus,
1348 2005 1395 2048 in
1427 2018 1593 2048 manus
1626 2006 1810 2049 nostras

126 2069 364 2126 inciderit,
412 2071 620 2126 decreui,
666 2083 724 2114 ne
767 2071 866 2115 tam
906 2070 1154 2127 singularis
1192 2070 1345 2115 foetus
1384 2069 1566 2114 tamdiu
1606 2070 1809 2126 abditus,

126 2139 224 2180 tam
257 2136 479 2181 studiosis
509 2135 817 2193 necessarius,
864 2135 976 2180 licet
1013 2135 1291 2195 immaturus
1323 2136 1476 2180 adhuc
1517 2138 1565 2180 et
1594 2150 1809 2193 praecox,

128 2203 409 2248 abortiretur
441 2204 580 2259 atque
611 2201 876 2258 fatisceret,
917 2216 1022 2246 eum
1060 2203 1214 2259 ipsum
1350 2202 1439 2247 tibi
1474 2203 1673 2259 [Marino
1708 2202 1810 2246 Gri-

126 2269 287 2328 mano]
320 2269 475 2313 dicare
508 2269 596 2313 cet.

245 2335 295 2379 in
341 2334 688 2380 mathematicis
727 2335 907 2378 Memus
953 2348 1047 2380 non
1084 2348 1258 2391 pauca,
1305 2334 1506 2379 maxime
1551 2334 1602 2379 in
1648 2334 1810 2379 ordine

126 2400 412 2456 litterarum,
461 2401 810 2458 computatione
857 2402 982 2445 recte
1030 2400 1230 2445 deducta
1275 2400 1479 2445 feliciter
1516 2399 1717 2446 correxit
1763 2403 1811 2445 et

128 2466 386 2524 suppleuit,
428 2468 509 2511 sed
548 2467 764 2524 grauiora
797 2465 1011 2522 reliquit,
1059 2468 1108 2510 et
1140 2466 1344 2512 Graecae
1374 2466 1584 2524 linguae,
1625 2468 1678 2511 ut
1709 2469 1811 2511 erat

129 2530 391 2590 ὀψιμαθής,
422 2547 516 2578 non
538 2532 849 2590 peritissimus
874 2534 996 2588 erat;
1026 2533 1159 2577 uelut
1181 2533 1463 2578 uocabulum
1485 2535 1693 2590 πορίζειν
1716 2548 1810 2578 non

126 2599 279 2654 nouit,
320 2599 450 2642 cuius
481 2599 586 2644 1000
617 2600 837 2643 lacunam
867 2598 1060 2654 reliquit
1097 2599 1176 2644 fol.
1211 2605 1296 2643 2411
1327 2599 1367 2656 (I
1396 2614 1442 2656 p.
1469 2603 1568 2655 150,
1601 2605 1642 2655 2,
1677 2601 1722 2656 6)
1762 2600 1812 2643 et

127 2663 207 2708 fol.
240 2669 325 2709 2511
357 2665 396 2722 (I
426 2680 472 2722 p.
508 2667 605 2721 154,
639 2670 709 2722 23,
742 2667 842 2721 26);
873 2664 999 2708 idem
1031 2664 1144 2709 fecit
1175 2665 1338 2710 eadem
1371 2665 1429 2710 de
1461 2678 1602 2710 causa
1633 2666 1681 2708 in
1713 2667 1809 2708 διε-

126 2728 256 2774 λόντι
294 2731 334 2787 (Ι
370 2746 415 2787 p.
451 2736 520 2786 62,
554 2735 631 2786 26;
673 2735 744 2786 94,
779 2735 856 2786 13,
892 2735 990 2786 116,
1024 2734 1097 2787 28)
1136 2731 1206 2776 fol
1240 2737 1335 2788 10¹1,
1371 2735 1466 2788 15¹1,
1501 2736 1589 2786 191',
1621 2731 1671 2774 in
1705 2731 1807 2787 εἴδη

130 2797 167 2851 (Ι
204 2810 250 2852 p.
285 2801 391 2855 122,
434 2798 506 2853 18)
543 2796 623 2842 fol.
656 2801 753 2853 201,
801 2795 851 2840 in
890 2791 950 2840 ἂν
990 2798 1152 2855 ληφθῇ
1194 2798 1233 2853 (1
1269 2813 1314 2854 p.
1350 2801 1454 2852 118,
1488 2802 1534 2851 93
1586 2800 1692 2852 120,
1735 2797 1808 2852 14)

129 2861 209 2905 fol.
245 2866 346 2919 1911,
390 2862 438 2906 111
477 2859 940 2920 καταχθήσονται·([
979 2878 1024 2920 p.
1062 2867 1167 2919 172,
1201 2866 1276 2919 21)
1317 2862 1399 2909 fol.
1432 2866 1516 2906 2711
1555 2862 1641 2906 cet.
1715 2875 1808 2918 quo

130 2927 288 2972 codice
320 2928 496 2972 Graeco
536 2943 643 2973 usus
685 2928 765 2984 sit,
809 2942 931 2972 nunc
962 2929 1126 2984 nequit
1155 2943 1238 2985 pro
1271 2929 1396 2973 certo
1430 2926 1686 2984 adfirmari,
1727 2927 1810 2972 sed

218 3022 529 3066 Apollonius,
555 3025 612 3057 ed.
636 3025 816 3066 Heiberg.
855 3025 906 3057 H.
1526 3013 1551 3056 f
