2034 3216
631 149 990 192 CONICORUM
1019 148 1201 190 LIBER
1230 148 1306 190 IV.
1737 144 1807 197 29

234 268 343 321 sint
373 267 572 337 eadem,
604 285 740 337 quae
773 270 946 337 antea,
979 269 1236 336 punctum
1268 269 1323 318 A
1356 267 1534 319 autem
1564 270 1621 317 in
1653 266 1810 318 alter-

10 371 50 403 ’.
122 358 247 410 utra
294 358 727 426 asymptotarum
774 355 870 425 sit,
918 355 1246 424 ducaturque
1293 373 1389 423 per
1428 357 1474 406 Z
1514 353 1598 406 illi
1634 353 1809 422 paral-

13 450 41 475 2‘
121 445 229 498 lela
271 447 442 513 recta,
488 447 542 497 et
590 444 636 496 si
675 443 791 496 fieri
838 446 1042 512 potest,
1088 444 1144 495 in
1189 446 1241 495 Γ
1278 462 1344 496 ne
1392 443 1568 510 cadat,
1616 441 1707 493 sed
1754 441 1810 492 in

123 535 196 586 H.
267 533 370 585 21·st
407 532 575 602 igitur
606 531 727 601 [HL
767 532 860 600 36]
901 536 1019 584 AA
1043 551 1054 585 :
1080 536 1190 584 AB
1218 557 1285 574 =
1311 533 1628 600 AH2H133
1669 525 1812 599 quod

125 621 417 675 absurdum
464 624 562 673 est.
642 638 770 690 ergo
816 624 964 674 recta
1011 639 1042 673 a
1082 624 1126 672 Z
1167 622 1507 688 asymptotae
1548 618 1812 687 parallela

126 708 284 763 ducta
322 710 380 762 in
420 711 473 762 Γ
504 709 660 762 cadit.

27 798 31 799 ⁷
872 826 1074 880 xvm.

240 943 299 999 Si
343 945 402 997 in
447 945 774 998 sectionibus
815 945 1078 1015 oppositis
1117 946 1379 1013 punctum
1419 941 1633 1011 aliquod
1672 940 1814 993 inter

10 1075 43 1094 ,,
129 1033 261 1087 duas
309 1033 572 1087 sectiones
612 1034 861 1098 sumitur,
909 1034 976 1086 ab
1018 1051 1186 1102 eoque
1226 1033 1359 1085 duae
1397 1033 1575 1084 rectae
1614 1031 1813 1083 utram-

44 1190 49 1198 Ι
130 1140 231 1191 que
279 1123 571 1176 sectionem
619 1124 861 1175 secantes
906 1122 1292 1191 producuntur,
1340 1123 1396 1173 et
1444 1137 1604 1190 quam
1650 1118 1814 1170 ratio-

40 1236 48 1250 ν
129 1228 255 1263 nem
302 1210 508 1264 habent
553 1213 731 1264 rectae
770 1211 912 1264 inter
949 1212 1210 1280 punctum
1251 1210 1583 1278 alteramque
1624 1207 1812 1261 sectio-

138 2224 263 2258 nem
287 2206 496 2274 positae
529 2205 595 2258 ad
618 2208 793 2258 rectas
824 2205 964 2257 inter
991 2205 1212 2256 alteram
1246 2203 1540 2256 sectionem
1571 2203 1818 2272 idemque

48 2304 49 2307 ’
139 2297 398 2363 punctum
430 2293 653 2362 positas,
692 2310 810 2346 eam
848 2292 1054 2345 habent
1091 2294 1267 2344 rectae
1298 2291 1528 2343 maiores
1560 2291 1645 2360 iis,
1683 2310 1820 2361 quae

16 2386 47 2457 ‘j
142 2381 283 2435 inter
338 2382 602 2435 sectiones
657 2381 933 2450 oppositas
990 2379 1400 2445 abscinduntur,
1454 2379 1520 2431 ad
1574 2397 1819 2433 excessus

17 2504 41 2551 {⁵2
144 2487 348 2538 earum,
394 2472 541 2522 recta
586 2487 681 2537 per
727 2469 988 2521 terminos
1039 2470 1309 2520 rectarum
1357 2467 1621 2519 maiorum
1661 2467 1821 2520 ducta

145 2574 266 2609 cum
314 2557 643 2610 sectionibus
691 2558 994 2624 concurret,
1041 2558 1095 2608 et
1140 2557 1317 2608 rectae
1369 2573 1400 2607 a
1445 2555 1661 2624 punctis
1701 2572 1820 2607 con-

146 2661 330 2696 cursus
372 2644 438 2696 ad
478 2647 751 2712 sumptum
782 2645 1040 2712 punctum
1073 2643 1259 2695 ductae
1293 2643 1462 2695 lineas
1495 2642 1821 2710 contingent.

257 2731 367 2783 sint
406 2731 686 2800 oppositae
716 2735 783 2799 A,
807 2735 869 2800 B,
908 2733 961 2783 et
991 2733 1251 2800 punctum
1283 2734 1338 2781 A
1376 2731 1517 2782 inter
1558 2728 1820 2782 sectiones

147 2818 399 2887 positum.
460 2819 607 2887 prius
639 2819 696 2870 in
729 2819 928 2888 angulo
970 2819 1036 2871 ab
1070 2817 1395 2888 asymptotis
1436 2816 1821 2884 comprehenso

39 2970 42 2972 v
148 2908 495 2975 supponatur,
535 2909 588 2958 et
625 2924 721 2974 per
759 2909 814 2957 A
852 2906 1215 2974 producantur
1253 2909 1306 2957 A
1317 2908 1441 2973 AB,
1474 2907 1574 2956 ΓΔ
1585 2907 1644 2956 Θ.
1721 2905 1822 2957 ita-
