2046 3256
227 159 335 212 192
696 158 1137 202 COMMENTARIA
1167 159 1450 212 ANTIQUA.

225 276 260 350 ἡ
300 284 434 348 ΒΕ,
482 276 648 349 λοιπὴ
689 276 798 347 ἄρα
837 273 871 347 ἡ
914 281 1086 332 ΕΖΓ
1114 279 1180 349 τῇ
1221 282 1397 332 ΕΗΑ
1438 277 1589 332 ἐστιν
1629 282 1743 347 ἴση·
1786 274 1926 333 ὥστε

227 367 320 423 καὶ
360 365 394 438 ἡ
435 373 549 422 ΑΕ
582 369 649 440 τῇ
692 371 809 422 ΕΓ.
878 365 1040 436 κοινὴ
1083 365 1144 421 δὲ
1184 365 1277 420 καὶ
1316 363 1456 438 πρὸς
1497 362 1678 437 ὀρθὰς
1717 362 1751 437 ἡ
1793 371 1928 421 ΕΔ·

227 455 390 527 βάσις
437 454 544 528 ἄρα
592 453 626 526 ἡ
668 463 786 510 ΔΑ
831 463 896 528 τῇ
938 460 1054 510 ΔΓ
1095 457 1246 510 ἐστιν
1295 461 1404 525 ἴση.
1482 451 1689 524 ὁμοίως
1728 451 1799 523 δὴ
1836 454 1930 510 καὶ

227 554 400 600 πᾶσαι
442 544 842 616 δειχθήσονται
883 547 946 599 αἰ
981 552 1107 599 ἴσον
1147 541 1452 616 ἀπέχουσαι
1491 546 1590 614 τῆς
1622 549 1739 599 ΔΕ
1769 539 1804 614 ἢ
1835 545 1933 614 τῆς

171 648 197 688 5
232 640 343 690 ΔΒ
385 641 515 690 ἴσαι.
593 635 761 690 πάλιν
802 634 916 689 ἐπεὶ
956 633 1238 704 τριγώνου
1276 635 1379 689 τοῦ
1420 640 1474 688 A
1487 638 1590 688 EZ
1629 629 1779 704 ὀρθή
1815 633 1931 688 ἐστι

228 728 408 794 γωνία
463 722 497 794 ἡ
555 721 664 779 ὑπὸ
711 729 905 793 ΔΕΖ,
960 728 1160 794 μείζων
1218 723 1370 778 ἐστὶν
1421 719 1455 793 ἡ
1505 728 1616 777 ΔΖ
1662 725 1758 792 τῆς
1804 727 1932 777 ΔΕ.

227 813 320 868 καὶ
367 811 538 868 πάλιν
587 811 702 868 ἐπεὶ
750 816 950 883 μείζων
999 812 1150 868 ἐστὶν
1197 809 1231 883 ἡ
1277 817 1387 866 EA
1432 809 1629 867 εὐθεῖα
1674 813 1774 882 τῆς
1812 817 1934 882 ΕΖ,

230 902 350 958 ἐπεὶ
409 901 503 956 καὶ
564 902 889 974 περιφέρεια
944 897 978 972 ἡ
1036 907 1204 956 EZA
1255 910 1354 971 τῆς
1408 907 1512 955 ΕΖ
1565 904 1934 973 περιφερείας,

230 989 392 1061 κοινὴ
437 989 499 1046 δὲ
537 990 630 1045 καὶ
669 993 807 1062 πρὸς
848 988 1028 1063 ὀρθὰς
1067 988 1100 1060 ἡ
1143 996 1274 1060 ΛΕ,
1315 987 1348 1060 ἡ
1392 995 1503 1044 ΔΖ
1541 989 1652 1063 ἄρα
1688 991 1788 1060 τῆς
1817 994 1935 1043 ΔΑ

145 1093 198 1133 10
233 1078 484 1135 ἐλάσσων
540 1081 705 1134 ἐστίν.
795 1078 888 1134 διὰ
943 1077 1010 1134 τὰ
1066 1079 1207 1135 αὐτὰ
1260 1078 1354 1134 καὶ
1409 1075 1443 1150 ἡ
1499 1083 1617 1133 ΔΑ
1669 1081 1767 1149 τῆς
1821 1082 1931 1132 ΛΒ

231 1170 487 1225 ἐλάσσων
543 1170 709 1224 ἐστίν.
787 1168 903 1224 ἐπεὶ
959 1162 1063 1223 οὖν
1118 1167 1152 1239 ἡ
1203 1174 1319 1223 ΔΕ
1367 1170 1466 1239 τῆς
1514 1173 1624 1222 ΔΖ
1678 1165 1932 1222 ἐλάσσων

235 1259 481 1329 ἐδείχθη,
521 1255 554 1328 ἡ
597 1256 659 1312 δὲ
700 1244 810 1312 ΔΖ
848 1260 946 1328 τῆς
984 1263 1128 1328 ΛΑ,
1170 1255 1204 1329 ἡ
1247 1256 1309 1313 δὲ
1347 1263 1465 1312 ΛΑ
1502 1259 1600 1327 τῆς
1639 1262 1777 1327 ΔΒ,
1817 1257 1935 1311 έλα-

232 1351 390 1417 χίστη
437 1347 540 1418 μέν
589 1349 738 1402 ἐστιν
787 1344 821 1418 ἡ
863 1353 1002 1416 ΔΕ,
1043 1351 1272 1418 μεγίστη
1315 1346 1378 1403 δὲ
1417 1344 1451 1417 ἡ
1493 1351 1631 1415 ΛΒ,
1672 1343 1759 1400 ἀεὶ
1799 1343 1862 1400 δὲ
1900 1341 1935 1416 ἡ

236 1440 425 1507 ἔγγιον
465 1439 562 1507 τῆς
602 1443 719 1492 ΛΕ
752 1445 849 1508 τῆς
889 1435 1180 1509 ἀπώτερον
1221 1435 1472 1492 ἐλάσσων
1513 1437 1678 1492 ἐστίν.

149 1538 203 1578 15
348 1523 490 1580 ἀλλὰ
525 1525 595 1596 δὴ
629 1522 663 1596 ἡ
693 1525 934 1590 κάθετος
957 1527 1196 1581 πιπτέτω
1223 1522 1378 1590 ἐκτὸς
1400 1526 1501 1579 τοῦ
1525 1531 1578 1579 Α
1588 1527 1763 1579 ΒΓΗ
1770 1528 1816 1578 Ζ
1839 1521 1936 1578 κύ-

232 1621 371 1670 κλου
426 1613 501 1679 ὡς
556 1614 643 1669 ἐπὶ
697 1618 794 1685 τῆς
849 1615 1111 1687 δευτέρας
1156 1617 1517 1686 καταγραφῆς
1563 1610 1597 1684 ἡ
1647 1619 1785 1682 ΔΕ,
1839 1611 1933 1667 καὶ
2039 1579 2046 1657 Ῑὲ

235 1703 492 1774 εἰλήφθω
532 1703 703 1758 πάλιν
732 1707 794 1759 τὸ
835 1710 1068 1775 κέντρον
1108 1706 1211 1759 τοῦ
1242 1702 1452 1759 κύκλου
1482 1705 1544 1758 τὸ
1578 1707 1650 1774 Κ,
1687 1701 1781 1757 καὶ
1820 1703 1935 1757 ἐπε-

239 1791 452 1864 ζεύχθω
494 1790 528 1863 ἡ
563 1798 677 1847 ΕΚ
711 1793 803 1847 καὶ
845 1793 1204 1863 ἐκβεβλήσθω
1247 1792 1333 1847 ἐπὶ
1373 1794 1435 1846 τὸ
1467 1797 1532 1862 Β,
1571 1790 1664 1846 καὶ
1695 1789 1936 1861 ἐπεζεύχ-

235 1888 436 1936 θωσαν
486 1884 550 1935 αἱ
582 1886 718 1950 ΔΒ,
760 1887 895 1951 ΛΘ,
943 1882 1034 1936 καὶ
1078 1881 1446 1952 εἰλήφθωσαν
1487 1880 1592 1935 δύο
1635 1887 1751 1935 ἴσαι
1790 1899 1935 1951 περι-

146 1983 203 2023 20
237 1971 456 2042 φέρειαι
510 1968 641 2041 παρ’
696 1970 928 2040 ἑκάτερα
982 1973 1083 2025 τοῦ
1134 1976 1181 2024 Θ
1228 1972 1290 2024 αἱ
1333 1975 1461 2038 ΘΖ,
1501 1974 1623 2023 ΘΗ
1662 1968 1754 2024 καὶ
1801 1965 1932 2039 παρ’

236 2058 465 2130 ἑκάτερα
505 2062 608 2114 τοῦ
639 2065 686 2114 Β
727 2061 788 2113 αἱ
816 2064 944 2129 ΑΒ,
976 2064 1098 2129 ΒΓ,
1137 2063 1236 2114 καί
1271 2059 1692 2130 ἐπεζεύχθωσαν
1726 2060 1788 2113 αἱ
1815 2063 1938 2127 ΕΖ,

237 2154 377 2218 ΕΗ,
420 2154 552 2218 ΖΚ,
592 2153 739 2218 ΗΚ,
781 2154 909 2218 ΛΖ,
956 2153 1096 2219 ΛΗ,
1135 2154 1263 2218 ΑΒ,
1303 2153 1422 2217 ΒΓ,
1463 2151 1595 2218 ΚΑ,
1635 2151 1762 2217 ΚΓ,
1803 2151 1938 2215 ΔΚ,

238 2244 381 2306 ΛΑ,
423 2241 546 2291 ΔΓ.
624 2237 737 2292 ἐπεὶ
788 2230 894 2292 οὖν
943 2245 1035 2307 ἴση
1085 2237 1236 2292 ἐστὶν
1282 2234 1317 2307 ἡ
1358 2242 1461 2292 ΘΖ
1507 2237 1832 2307 περιφέρεια
1870 2238 1935 2309 τῇ

235 2330 367 2395 ΘΗ,
407 2326 498 2381 καὶ
539 2330 717 2396 γωνία
757 2324 866 2397 ἄρα
905 2323 939 2396 ἡ
977 2323 1086 2381 ὑπὸ
1121 2331 1285 2380 ΘΚΖ
1324 2328 1389 2398 τῇ
1430 2323 1539 2379 ὑπὸ
1572 2330 1756 2381 ΘΚΗ
1787 2326 1937 2380 ἐστιν

148 2427 205 2468 25
239 2421 346 2485 ἴση.
433 2414 547 2469 ἐπεὶ
597 2408 702 2470 οὖν
749 2412 782 2485 ἡ
833 2420 947 2469 ΖΚ
995 2414 1192 2470 εὐθεῖα
1245 2417 1310 2486 τῇ
1359 2418 1488 2469 ΚΗ
1520 2415 1670 2469 ἐστιν
1718 2419 1831 2483 ἴση·
1880 2414 1938 2468 ἐκ

236 2504 472 2574 κέντρου
511 2502 640 2573 γάρ·
680 2505 842 2574 κοινὴ
883 2502 945 2559 δὲ
985 2500 1018 2575 ἡ
1053 2509 1184 2573 ΚΕ,
1215 2503 1307 2558 καὶ
1339 2508 1520 2573 γωνία
1558 2499 1593 2573 ἡ
1625 2498 1734 2557 ὑπὸ
1769 2507 1942 2557 ΖΚΕ

362 2671 399 2710 1.
443 2665 556 2724 ΒΕ]
593 2678 707 2708 corr.
740 2679 797 2708 ex
831 2668 923 2708 ΛΕ
956 2681 1015 2710 m.
1052 2674 1074 2709 1
1108 2666 1189 2721 W,
1232 2669 1324 2737 A‚E
1335 2681 1398 2736 p.
1553 2669 1595 2710 4.
1635 2662 1714 2723 αἴ]
1760 2663 1938 2721 scripsi,

242 2725 479 2782 om..Wp
633 2720 940 2769 5.ἐστι.νἮ
1098 2701 1426 2781 10,ταῦτάρ.
1584 2723 1937 2782 13.ΔΕ]ΕΘ

240 2797 355 2828 corr.
381 2798 425 2839 p.
552 2787 620 2827 15.
655 2780 735 2841 δή]
769 2798 812 2840 p,
848 2784 900 2827 δέ
927 2783 999 2828 W.
1135 2785 1391 2839 ABFHZ]
1424 2785 1664 2827 ΑΒΓΖΗ
1691 2798 1734 2839 p.
1868 2787 1936 2826 16.

242 2843 362 2901 ΛΕ]
391 2846 430 2886 Ε
456 2857 479 2886 e
506 2856 619 2887 corr.
645 2857 704 2886 m
734 2848 754 2886 1
783 2857 827 2898 p.
927 2848 993 2887 19.
1027 2844 1135 2901 ΛΒ]
1164 2848 1205 2887 Δ
1230 2857 1345 2887 corr.
1372 2855 1427 2886 ex
1454 2847 1489 2885 Β
1514 2841 1564 2885 in
1590 2841 1837 2886 scribendo
1860 2839 1936 2885 W.

302 2902 418 2960 ἴσαι]
452 2916 562 2957 supr
565 2916 592 2945 a
625 2916 711 2946 ser.
738 2917 796 2946 m.
826 2905 848 2943 1
875 2901 950 2946 W.
1059 2906 1129 2946 22.
1165 2902 1284 2960 ΔΚ]
1319 2915 1409 2945 om
1437 2901 1610 2945 Comm.
1721 2905 1790 2945 23.
1825 2899 1934 2957 AA]

243 2966 344 3016 ΛΑ,
372 2965 457 3004 ΔΒ
490 2960 614 3018 Wp;
648 2975 763 3006 corr.
791 2960 965 3006 Comm.
1091 2965 1161 3006 26.
1193 2961 1307 3019 KE]
1341 2962 1434 3005 ΚΘ
1462 2960 1585 3017 Wp;
1620 2972 1735 3004 corr.
1763 2958 1936 3004 Comm.
