2020 3236
805 763 920 826 Εἰς
957 760 1027 815 τὸ
1071 758 1401 831 δεύτερον.

361 878 695 954 Ἀρχόμενος
725 881 826 934 τοῦ
858 877 915 949 β’
941 882 1166 949 βιβλίου
1190 881 1303 933 τῶν
1328 880 1625 947 Κωνικῶν,
1658 899 1701 932 ω
1726 880 1957 949 φίλτατέ

253 992 350 1042 μοι
369 970 646 1059 Ἀνθέμιε,
670 970 942 1024 τοσοῦτον
963 964 1116 1039 οἶμαι
1137 969 1257 1022 δεῖν
1274 977 1580 1039 προειπεῖν,
1606 964 1690 1022 ὅτι
1707 971 1952 1024 τοσαῦτα

253 1058 400 1130 μόνα
443 1038 533 1123 εἰς
587 1054 723 1112 αὐτὸ
776 1055 1003 1129 γράφω,
1059 1053 1164 1111 ὅσα
1219 1051 1290 1110 ἂν
1346 1056 1419 1126 μὴ
1474 1048 1509 1127 ᾗ
1563 1055 1807 1112 δυνατὸν
1858 1055 1951 1112 διὰ

194 1161 223 1201 5
255 1150 370 1203 τῶν
411 1148 471 1202 ἐν
511 1148 587 1222 τῷ
627 1165 826 1220 πρωτςο
868 1148 1065 1218 βιβλίῳ
1104 1146 1401 1215 νοηθῆναι.

938 1325 1055 1388 Εἰς
1092 1321 1162 1378 τὸ
1203 1321 1275 1377 α’.

372 1426 448 1483 Τὸ
510 1429 738 1498 πρῶτον
800 1425 1068 1499 θεώρημα
1129 1434 1340 1482 πτῶσιν
1404 1424 1505 1482 οὐκ
1567 1429 1703 1497 ἔχει,
1765 1429 1817 1481 εἰ
1875 1423 1951 1498 μὴ

252 1518 363 1589 ἄρα
389 1561 399 1573 .
425 1561 436 1574 .
464 1561 474 1573 .
501 1560 513 1572 .
536 1520 703 1572 τοῦτο
743 1513 848 1587 γὰρ
887 1518 953 1587 τῇ
993 1518 1321 1588 καταγραφῇ
1356 1512 1639 1587 διαφορὰν
1679 1511 1749 1570 οὐ
1781 1525 1951 1570 ποιεῖ·

253 1607 316 1660 αι’
357 1604 465 1678 γὰρ
513 1609 640 1676 ΔΓ,
673 1609 781 1660 ΓΕ
824 1601 1188 1675 ἀσύμπτωτοί
1226 1604 1289 1660 τέ
1331 1606 1437 1658 εἰσι
1474 1610 1541 1675 τῇ
1580 1606 1720 1676 τομῇ
1759 1603 1856 1658 καὶ
1893 1604 1956 1658 αἱ

163 1708 224 1748 10
257 1691 421 1749 αὐταὶ
470 1693 800 1765 διαμένουσι
845 1693 983 1748 κατὰ
1024 1696 1209 1748 πᾶσαν
1251 1690 1549 1763 διάμετρον
1588 1691 1681 1747 καὶ
1720 1689 1951 1763 ἐφαπτο-

251 1783 442 1854 μένην.

934 1875 1043 1934 Εἰς
1081 1870 1151 1924 τὸ
1191 1868 1263 1939 β’.

369 1979 545 2030 Τοῦτο
579 1972 641 2028 τὸ
674 1972 943 2045 θεώρημα
972 1979 1187 2028 πτῶσιν
1220 1968 1325 2027 οὐκ
1357 1975 1480 2042 ἔχει.
1551 1968 1585 2042 ἡ
1619 1971 1810 2042 μέντοι
1841 1977 1949 2027 ΒΘ

250 2061 472 2128 πάντως
517 2072 671 2133 τεμεῖ
712 2060 816 2132 τὴν
855 2059 1033 2132 τομὴν
1072 2059 1209 2116 κατὰ
1251 2060 1354 2116 δύο
1395 2069 1608 2131 σημεῖα.
1684 2058 1800 2116 ἐπεὶ
1839 2061 1947 2133 γὰρ

167 2164 226 2206 15
257 2150 613 2223 παράλληλός
661 2148 773 2206 ἐστι
818 2152 884 2223 τῇ
932 2154 1068 2220 ΓΔ,
1117 2159 1472 2220 συμπεσεῖται
1519 2151 1583 2221 τῇ
1631 2153 1756 2204 ΓΘ·
1811 2145 1952 2204 ὥστε

250 2238 524 2312 πρότερον
563 2241 629 2311 τῇ
668 2242 809 2311 τομῇ
849 2249 1221 2309 συμπεσεῖται.

919 2403 1036 2464 Εἰς
1073 2402 1142 2456 τὸ
1184 2398 1284 2454 ια’.

348 2504 454 2559 ’Ἑν
507 2519 655 2559 τισιν
710 2500 1080 2575 ἀντιγράφοις
1133 2506 1195 2558 τὸ
1242 2500 1512 2572 θεώρημα
1557 2503 1722 2557 τοῦτο
1768 2499 1949 2566 ἄλλως

253 2595 551 2647 δείκνυται.

374 2804 411 2842 1.
446 2793 681 2842 Εὐτοκιόυ
710 2793 1041 2841 Ἀσκαλωνίτου
1076 2794 1143 2846 εἰς
1165 2791 1218 2839 τὸ
1245 2791 1471 2866 δευτερον
1498 2793 1564 2853 (β’
1591 2795 1641 2851 p)
1672 2794 1765 2838 τῶν
1793 2791 1944 2838 Ἀπολ-

248 2858 419 2903 λωνίου
453 2856 665 2900 κωνικῶν
696 2856 779 2908 τῆς
802 2851 911 2899 κατ’
940 2850 1089 2898 αυτὸν
1123 2850 1354 2904 ἐκδόσεως
1378 2849 1634 2911 υπόμνημα
1665 2853 1780 2909 Wp.
1900 2856 1942 2896 4.

248 2913 361 2973 ὅσα]
394 2915 573 2973 scripsi,
607 2911 668 2966 ὡς
698 2913 813 2970 Wp.
939 2912 1025 2971 μή]
1059 2912 1236 2969 addidi,
1270 2925 1358 2957 om.
1392 2911 1506 2968 Wp.
1629 2915 1670 2956 8.
1703 2911 1817 2956 Post
1847 2906 1944 2968 ἄρα
