2046 3256
631 146 987 202 coNicoRuM
1017 160 1198 201 LIBER
1227 161 1303 202 IV.
1735 156 1804 210 83

919 306 1007 359 LI.

51 465 60 471 ,,
232 408 289 463 Si
326 409 625 479 hyperbola
663 411 945 478 utramque
979 409 1285 477 oppositam
1317 409 1598 478 contingit,
1638 411 1803 463 sectio

120 498 169 552 ei
207 498 456 567 opposita
494 516 618 551 cum
655 499 846 550 neutra
886 496 1257 565 oppositarum
1297 500 1589 550 concurret.

229 586 336 640 sint
391 586 672 656 oppositae
720 589 796 656 A,
827 589 898 654 Β,
955 584 1010 638 et
1054 585 1355 654 hyperbola
1400 588 1509 637 AB
1547 586 1604 638 in
1650 591 1724 655 A,
1756 590 1803 639 Β

119 678 399 746 utramque
447 675 755 745 contingat,
801 674 851 726 ei
898 675 1078 727 autem
1126 674 1379 743 opposita
1420 674 1490 727 sit
1528 678 1592 727 E.
1670 675 1804 743 dico,

0 747 1 751 Ἰ
118 768 169 818 Ε
203 783 322 818 cum
363 766 553 816 neutra
593 763 890 816 sectionum
930 768 1004 833 A,
1035 766 1082 814 B
1124 781 1452 816 concurrere.

874 880 924 921 B
1104 870 1229 904 nam
1257 852 1303 904 si
1327 851 1443 904 fieri
1465 853 1658 920 potest,
1682 869 1799 905 cum

1000 944 1054 991 A
1092 940 1150 991 in
1191 944 1246 991 A
1284 943 1591 1010 concurrat,
1641 942 1695 992 et
1734 940 1801 992 ab

1001 1032 1069 1096 A,
1095 1031 1141 1080 B
1180 1031 1357 1081 rectae
1394 1028 1656 1081 ducantur
1696 1046 1803 1081 sec-

1000 1116 1174 1169 tiones
1237 1116 1642 1186 contingentes;
1711 1133 1802 1168 eae

1000 1204 1170 1273 igitur
1238 1205 1382 1256 intra
1460 1206 1800 1274 asymptotas

1003 1292 1256 1345 sectionis
1281 1295 1391 1344 AB
1424 1293 1566 1345 inter
1591 1311 1646 1345 se
1677 1311 1801 1346 con-

1002 1383 1219 1433 current
1238 1379 1450 1450 [II‚25].
1476 1384 1800 1434 concurrant

1002 1470 1058 1521 in
1082 1471 1143 1538 Γ,
1176 1469 1504 1538 ducaturque
1533 1471 1657 1537 ΓΔ;
1697 1470 1799 1520 ΓΔ

30 1573 43 1630 *j
113 1555 279 1626 igitur
331 1557 389 1610 in
443 1556 623 1626 spatio
678 1556 819 1609 inter
864 1560 989 1627 ΑΓ,
1021 1559 1124 1609 ΓΒ
1177 1558 1358 1626 posito
1410 1557 1525 1609 erit.
1611 1573 1798 1608 uerum

115 1644 300 1697 eadem
353 1645 493 1697 inter
547 1647 663 1715 ΒΓ,
703 1643 858 1715 ΓΖΙ)
914 1645 1087 1715 cadet3
1158 1645 1302 1715 quod
1355 1644 1647 1698 absurdum
1701 1647 1798 1696 est.

31 1718 46 1787 ῙΪ
113 1748 241 1801 ergo
281 1736 334 1784 E
370 1750 492 1786 cum
531 1738 607 1802 A,
637 1736 684 1785 B
723 1751 834 1786 non
875 1737 1168 1787 concurret.

898 1908 1012 1963 LII.

222 2008 278 2062 Si
309 2013 534 2080 utraque
568 2011 819 2080 opposita
841 2013 1126 2079 utramque
1153 2012 1459 2080 oppositam
1483 2012 1540 2064 in
1566 2012 1794 2081 singulis

111 2097 323 2165 punctis
365 2098 634 2168 contingit
683 2099 749 2150 ad
797 2099 1011 2151 easdem
1057 2102 1240 2167 partes
1289 2117 1527 2152 concaua
1572 2100 1793 2170 habene,

110 2184 166 2237 in
206 2185 314 2238 alio
353 2188 552 2253 puncto
592 2204 702 2238 non
741 2189 1039 2239 concurret.

14 2274 33 2307 ’ς
219 2291 346 2325 nam
394 2274 674 2343 oppositae
721 2274 777 2326 in
822 2274 1036 2343 punctis
1076 2279 1151 2342 A,
1182 2277 1238 2325 A
1284 2275 1424 2326 inter
1471 2292 1526 2326 se
1574 2293 1792 2328 concur-

109 2364 251 2415 rant.
330 2361 462 2430 dieo,
503 2379 591 2413 eas
630 2362 689 2413 in
726 2362 873 2414 nullo
916 2362 1024 2415 alio
1062 2365 1261 2430 puncto
1302 2380 1630 2415 concurrere.

26 2438 29 2440 ’
218 2465 345 2500 nam
402 2448 448 2500 si
500 2447 618 2499 fieri
663 2451 866 2518 potest,
921 2452 1241 2502 concurrant
1285 2450 1340 2502 in
1391 2453 1454 2504 Ε.
1540 2452 1792 2519 quoniam

108 2534 276 2604 igitur
305 2536 605 2605 hyperbola
637 2537 861 2589 alteram
894 2537 1263 2606 oppositarum
1296 2537 1353 2589 in
1383 2542 1438 2589 A
1470 2539 1790 2609 contingens

109 2639 229 2676 cum
285 2641 347 2677 ea
400 2623 459 2676 in
505 2627 558 2675 E
609 2625 899 2694 concurrit,
952 2628 1059 2676 AB
1115 2643 1234 2678 cum
1280 2628 1395 2677 ΑΓ
1441 2627 1499 2678 in
1543 2627 1789 2695 pluribus

109 2712 322 2778 punctis
361 2730 472 2765 non
511 2713 782 2765 concurrit
823 2731 982 2782 quam
1015 2713 1072 2765 in
1103 2732 1210 2766 uno
1245 2715 1415 2783 [prop.
1446 2713 1657 2779 XLIX}
1720 2715 1788 2767 ab

227 2871 271 2925 1)
313 2870 433 2924 Quia
471 2883 526 2914 ex
556 2870 619 2927 ΙΙ,
653 2876 708 2916 33
748 2872 878 2917 recta
910 2875 994 2915 ΓΒ
1036 2885 1140 2916 cum
1180 2871 1387 2916 sectione
1418 2875 1509 2914 ΑΔ
1547 2886 1639 2917 non
1680 2884 1786 2916 con-

115 2927 272 2984 currit,
304 2929 349 2973 h.
375 2943 414 2974 6.
447 2930 580 2974 extra
610 2933 717 2988 ΔΓ,
751 2943 870 2986 quae
905 2944 1010 2975 cum
1040 2935 1129 2975 AA
1161 2928 1405 2985 concurrit,
1439 2929 1577 2974 cadit.

1461 3003 1520 3046 6²1⁶
