2020 3236
186 1061 240 1102 10

186 1505 241 1545 15

184 1949 242 1989 20

185 2389 242 2431 25

268 128 379 182 284
739 130 1187 176 COMMENTARIA·
1212 131 1495 184 ANTIQUA.

382 254 618 320 Εἴρηται
657 248 759 320 μὲν
799 250 861 304 ἐν
900 258 1018 314 τοῖς
1055 247 1189 320 μετὰ
1228 247 1291 303 τὸ
1334 245 1378 303 ι’
1416 246 1688 320 θεώρημα
1726 250 1981 320 σχολίοις

270 334 300 392 ὁ
357 341 563 403 σκοπὸς
613 345 728 395 τῶν
781 341 841 411 ἦ
893 338 1130 411 πρώτων
1176 335 1563 409 θεωρημάτων
1608 336 1702 392 καὶ
1749 338 1811 392 ἐν
1857 347 1976 402 τοῖς

271 429 351 492 εἰς
387 429 450 482 τὸ
492 426 884 483 ἑκκαιδέκατον
926 423 955 482 ὃ
994 428 1109 497 τῶν
1151 426 1273 496 ἑξῆς
1302 427 1495 497 τριῶν,
1537 428 1627 480 δεῖ
1653 423 1715 481 δὲ
1746 425 1975 495 εἰδέναι,

270 512 355 570 ὅτι
409 516 470 570 ἐν
524 514 627 586 μὲν
676 518 754 592 τῷ
810 514 879 583 ιζ’
935 518 1137 586 φησίν,
1194 511 1278 569 ὅτι
1333 511 1367 585 ἡ
1425 512 1520 569 διὰ
1573 516 1672 585 τῆς
1722 515 1985 586 κορυφῆς

269 602 419 677 παρὰ
471 605 819 676 τεταγμένως
869 604 1223 675 κατηγμένην
1277 600 1522 675 ἀγομένη
1571 600 1728 668 ἐκτὸς
1773 606 1976 672 πίπτει,

272 695 332 749 ἐν
381 692 443 748 δὲ
489 695 566 769 τῷ
617 692 696 765 ιη’
746 697 948 765 φησίν,
997 690 1084 748 ὅτι
1131 689 1165 763 ἡ
1210 691 1569 764 παράλληλος
1604 694 1672 765 τῇ
1713 688 1979 747 ὁπωσοῦν

272 783 626 855 ἐφαπτομένῃ
660 780 818 848 ἐντὸς
848 785 947 853 τῆς
976 783 1150 853 τομῆς
1182 779 1430 853 ἀγομένη
1464 790 1618 853 τεμεῖ
1643 779 1747 852 τὴν
1777 777 1976 851 τομήν,

271 873 333 927 έν
384 874 460 946 τῷ
510 871 623 942 ιθ’,
673 869 758 927 ὅτι
805 869 839 943 ἡ
889 868 998 927 ἀπό
1046 892 1201 936 τινος
1250 875 1484 942 σημείου
1528 872 1627 942 τῆς
1675 868 1978 941 διαμέτρου

269 958 419 1033 παρὰ
463 961 808 1032 τεταγμένως
852 960 1204 1031 κατηγμένην
1258 964 1554 1031 συμπίπτει
1592 961 1660 1032 τῇ
1699 959 1866 1030 τομῇ,
1916 957 1979 1011 ἐν

270 1052 346 1124 τῷ
387 1047 441 1104 κ’
482 1049 575 1104 καὶ
606 1048 698 1105 κα’
730 1047 827 1114 τὰς
855 1048 1236 1119 καταγομένας
1270 1052 1418 1118 ζητεῖ
1442 1051 1556 1103 τῶν
1586 1049 1795 1118 τομῶν,
1827 1043 1985 1111 ὅπως

271 1141 461 1209 ἔχουσι
500 1136 638 1212 πρὸς
676 1135 918 1209 ἀλλήλας
955 1136 1047 1192 καὶ
1086 1135 1154 1191 τὰ
1192 1139 1290 1207 τῆς
1321 1138 1622 1207 διαμέτρου
1652 1131 1747 1191 ὑπ’
1787 1133 1976 1191 αὐτῶν

271 1229 539 1299 γινόμενα
585 1226 868 1299 τμήματα,
916 1228 978 1283 ἐν
1017 1228 1092 1302 τῷ
1133 1224 1226 1296 κβ’
1265 1225 1358 1279 καὶ
1396 1224 1487 1296 κγ’
1528 1225 1677 1296 λέγει
1714 1224 1841 1295 περὶ
1880 1225 1983 1294 τῆς

273 1313 499 1382 εὐθείας
543 1319 640 1387 τῆς
685 1317 824 1371 κατὰ
866 1314 970 1371 δύο
1012 1325 1212 1386 σημεῖα
1251 1317 1318 1387 τῇ
1356 1316 1498 1387 τομῇ
1540 1312 1978 1385 συμπιπτούσης,

275 1407 335 1460 ἐν
381 1407 457 1482 τῷ
508 1404 600 1460 κδ’
649 1405 743 1460 καὶ
789 1404 871 1459 κε’
918 1404 1045 1475 περὶ
1092 1406 1190 1474 τῆς
1237 1401 1464 1468 εὐθείας
1500 1404 1598 1474 τῆς
1626 1399 1761 1457 καθ’
1804 1397 1869 1457 ἓν
1907 1403 1976 1473 τῇ

275 1497 416 1567 τομῇ
450 1493 888 1566 συμπιπτούσης,
927 1493 1213 1548 τουτέστιν
1246 1491 1648 1563 ἐφαπτομένης,
1682 1492 1743 1547 ἐν
1775 1491 1849 1565 τῷ
1881 1487 1972 1547 κς’

273 1583 400 1654 περὶ
431 1586 529 1655 τῆς
561 1580 840 1655 ἀγομένης
869 1580 1236 1653 παραλλήλου
1268 1583 1334 1654 τῇ
1369 1580 1644 1654 διαμέτρῳ
1677 1581 1774 1649 τῆς
1803 1597 1979 1649 παρα-

273 1674 443 1742 βολῆς
473 1672 565 1727 καὶ
597 1675 694 1743 τῆς
722 1669 1056 1747 ὑπερβολῆς,
1088 1671 1150 1725 ἐν
1181 1672 1256 1745 τῷ
1281 1668 1364 1736 κζ’
1398 1668 1523 1738 περὶ
1547 1671 1646 1739 τῆς
1668 1666 1981 1739 τεμνούσης

272 1760 375 1832 τὴν
408 1759 709 1833 διάμετρον
741 1763 839 1831 τῆς
870 1761 1209 1830 παραβολῆς,
1243 1756 1327 1813 ὅτι
1359 1756 1477 1813 κατ’
1515 1755 1804 1829 ἀμφότερα
1836 1757 1977 1828 μέρη

274 1853 570 1921 συμπίπτει
622 1852 688 1921 τῇ
744 1851 911 1920 τομῇ,
975 1848 1036 1902 έν
1090 1855 1165 1922 τῷ
1219 1845 1316 1917 κη’
1371 1847 1496 1918 περὶ
1551 1848 1647 1916 τῆς
1701 1841 2018 1915 ἀγομένης

272 1938 633 2010 παραλλήλου
686 1939 752 2009 τῇ
808 1935 1162 2008 ἐφαπτομένῃ
1219 1938 1349 2007 μιᾶς
1398 1936 1512 1990 τῶν
1559 1930 1980 2004 ἀντικειμένων,

275 2028 336 2082 ἐν
375 2028 450 2101 τῷ
484 2025 583 2080 κθ’
615 2025 742 2097 περὶ
773 2027 870 2096 τῆς
903 2023 996 2079 διὰ
1029 2027 1132 2080 τοῦ
1163 2025 1401 2094 κέντρου
1431 2031 1545 2078 τῶν
1578 2018 1978 2092 ἀντικειμένων

275 2114 698 2186 ἐκβαλλομένης,
740 2115 801 2169 ἐν
840 2117 916 2188 τῷ
958 2112 1011 2169 λ’
1053 2128 1249 2185 φησιν,
1291 2110 1377 2168 ὅτι
1410 2115 1781 2183 διχοτομεῖται
1811 2107 1846 2181 ἡ
1882 2108 1976 2165 διὰ

273 2206 375 2259 τοῦ
399 2203 637 2275 κέντρου
661 2203 1037 2274 ἐκβαλλομένη
1063 2204 1159 2273 τῆς
1184 2202 1479 2268 ἐλλείψεως
1500 2199 1723 2255 καὶτῶν
1738 2196 1977 2254 ἀντικει-

275 2292 488 2361 μένων,
542 2290 605 2347 ἒν
660 2294 735 2367 τῷ
784 2290 876 2346 λα’
924 2295 1125 2363 φησίν,
1174 2289 1260 2346 ὅτι
1307 2288 1395 2345 ἐπὶ
1441 2292 1539 2360 τῆς
1583 2286 1897 2360 ὑπερβολῆς
1942 2283 1976 2357 ἡ

276 2378 631 2451 ἐφαπτομένη
669 2379 773 2451 τὴν
815 2379 1116 2451 διάμετρον
1147 2379 1333 2450 τέμνει
1365 2375 1568 2450 μεταξὺ
1599 2379 1695 2448 τῆς
1725 2377 1980 2447 κορυφῆς

275 2469 366 2523 καὶ
415 2472 517 2524 τοῦ
557 2470 817 2540 κέντρου,
864 2466 927 2524 ἐν
966 2471 1041 2542 τῷ
1081 2466 1172 2538 λβ’
1214 2466 1307 2522 καὶ
1345 2466 1403 2537 γ’
1441 2466 1532 2521 καὶ
1573 2466 1629 2521 δ’
1666 2464 1759 2520 καὶ
1797 2462 1847 2519 ε’
1885 2463 1979 2519 καὶ

278 2555 330 2615 ς’
379 2555 504 2627 περὶ
542 2557 656 2611 τῶν
698 2555 1100 2627 ἐφαπτομένων
1140 2564 1377 2610 ποιεῖται
1416 2556 1515 2608 τὸν
1554 2551 1753 2623 λόγον,
1801 2549 1862 2608 ἐν
1899 2554 1976 2627 τῷ

400 2751 438 2791 1.
479 2742 553 2804 τό]
595 2760 619 2791 e
652 2759 767 2791 corr.
801 2745 876 2790 W.
1031 2751 1070 2792 7.
1113 2742 1444 2811 ἐφαπτομένῃ]
1479 2742 1667 2801 scripsi,
1707 2738 1974 2800 ἐφησαπτο-

279 2802 398 2863 μένῃ
441 2805 561 2861 Wp,
609 2803 854 2863 ἁπτομένῃ
893 2804 1066 2861 Halley
1099 2807 1167 2862 (eb
1198 2804 1267 2849 ita
1299 2804 1464 2848 debmt
1495 2802 1620 2861 dici).
1772 2801 1887 2860 τέμη
1928 2817 1973 2859 p.

337 2868 378 2908 8.
413 2860 511 2921 ιθ’]
546 2877 570 2908 e
603 2879 718 2911 corr.
750 2880 795 2923 p.
930 2861 1023 2922 ὅτι]
1058 2878 1145 2910 om.
1179 2863 1295 2920 Wp,
1329 2876 1444 2908 corr.
1478 2862 1659 2918 Halley.
1790 2866 1831 2906 9.
1868 2876 1977 2905 κατ-

277 2920 455 2981 ηγμένη
488 2922 673 2981 Halley.
799 2928 868 2969 10.
902 2919 1004 2981 ua‘]
1039 2939 1070 2967 α
1103 2937 1127 2968 e
1160 2936 1275 2968 corr.
1308 2937 1354 2979 p.
1476 2921 1580 2980 τάς]
1614 2935 1703 2966 om.
1735 2934 1780 2976 p.
1905 2922 1975 2963 11.
