2046 3256
136 1059 192 1099 10

136 1503 189 1542 15

131 1947 191 1987 20

131 2391 191 2431 25

226 126 331 178 170
693 126 1131 170 COMMENTARIA
1162 123 1442 180 ANTIQUA.

222 244 325 316 μὲν
371 247 446 320 τῷ
500 242 833 319 ὀρθογωνίῳ
881 242 984 315 τὴν
1030 247 1140 300 νῦν
1179 244 1533 316 καλουμένην
1572 245 1920 317 παραβολήν,

224 335 283 388 ἐν
327 332 387 388 δὲ
426 337 501 409 τῷ
543 331 916 409 άμβλυγωνίῳ
956 333 1060 405 τὴν
1099 330 1439 406 ὑπερβολήν,
1481 335 1542 389 ἐν
1581 333 1644 390 δὲ
1681 337 1757 410 τῷ
1798 331 1920 401 ὀξυ-

222 426 409 497 γωνίῳ
441 422 546 492 τὴν
573 426 843 488 ἔλλειψιν·
883 421 975 476 καὶ
1008 425 1123 477 ἔστι
1154 418 1284 493 παρ’
1315 419 1504 488 αὐτοῖς
1529 420 1715 495 εὑρεῖν
1742 420 1920 488 οὕτως

225 507 639 582 ὀνομαζομένας
687 510 785 575 τὰς
835 509 1020 582 τομάς.
1099 509 1282 582 ῶσπερ
1341 503 1447 566 οὖν
1501 514 1617 567 τῶν
1672 509 1920 585 ἀρχαίων

225 599 310 655 ἐπὶ
361 600 484 664 ἑνὸς
532 597 767 655 ἑκάστου
814 601 1001 664 εἴδους
1045 597 1326 671 τριγώνου
1372 600 1786 671 θεωρησάντων
1824 597 1923 665 τὰς

224 687 328 744 δύο
378 685 558 762 ὀρθὰς
604 687 878 760 πρότερον
926 690 986 744 ἐν
1033 690 1111 763 τῷ
1161 687 1472 763 ἰσοπλεύρῳ
1520 688 1612 744 καὶ
1651 688 1819 745 πάλιν
1861 690 1923 745 ἐν

221 786 297 853 τῷ
349 781 626 832 ἰσοσκελεῖ
671 776 763 832 καὶ
816 775 1054 848 ὕστερον
1110 779 1171 832 ἐν
1225 780 1299 851 τῷ
1356 781 1610 853 σκαληνῷ
1666 780 1726 833 οἱ
1766 799 1922 848 μετα-

222 867 536 938 γενέστεροι
560 869 868 922 καθολικὸν
891 865 1160 938 θεώρημα
1189 864 1481 932 ἀπέδειξαν
1505 869 1750 923 τοιοῦτο·
1784 886 1922 922 παν-

226 958 319 1020 τὸς
357 954 639 1026 τριγώνου
678 957 740 1009 αι’
774 953 931 1020 ἐντὸς
962 966 1109 1025 τρεῖς
1140 959 1341 1025 γωνίαι
1375 955 1540 1011 δυσὶν
1573 952 1776 1025 ὀρθαῖς
1807 961 1924 1010 ἴσαι

227 1047 390 1099 εἰσίν·
432 1043 607 1110 οὕτως
645 1044 737 1099 καὶ
779 1043 866 1099 ε’πὶ
905 1046 1020 1099 τῶν
1059 1047 1161 1098 τοῦ
1200 1043 1389 1100 κώνου
1427 1047 1637 1116 τομῶν·
1675 1044 1781 1115 τὴν
1820 1042 1923 1115 μὲν

222 1131 330 1204 γὰρ
385 1133 694 1203 λεγομένην
751 1129 1112 1204 ὀρθογωνίου
1160 1132 1350 1188 κώνου
1404 1130 1581 1204 τομὴν
1637 1134 1699 1189 ἐν
1752 1130 1921 1204 ὀρθο-

223 1226 409 1296 γωνίῳ
436 1220 615 1292 μόνον
639 1221 803 1296 κώνῳ
830 1219 1120 1291 ἐθεώρουν
1145 1222 1465 1296 τεμνομένῳ
1491 1222 1730 1296 ἐπιπέδῳ
1765 1219 1922 1296 ὀρθῷ

223 1308 363 1381 πρὸς
409 1312 543 1380 μίαν
590 1310 840 1380 πλευρὰν
887 1317 990 1365 τοῦ
1038 1308 1251 1380 κώνου,
1305 1310 1410 1381 τὴν
1458 1308 1521 1365 δὲ
1565 1313 1666 1365 τοῦ
1713 1308 1922 1382 ἀμβλυ-

222 1403 436 1469 γωνίου
473 1399 662 1453 κώνου
700 1397 879 1470 τομὴν
921 1400 980 1453 ἐν
1017 1396 1389 1473 ἀμβλυγωνίῳ
1422 1398 1729 1470 γινομένην
1759 1397 1921 1474 κώνῳ

224 1486 657 1558 ἀπεδείκνυσαν,
711 1486 817 1558 τὴν
865 1486 929 1542 δὲ
976 1490 1079 1542 τοῦ
1126 1485 1441 1558 ὀξυγωνίου
1496 1488 1559 1543 ἐν
1614 1485 1922 1562 ὀξυγωνίῳ,

224 1574 430 1648 ὁμοίως
477 1576 566 1631 ἐπὶ
611 1574 841 1631 πάντων
887 1584 1001 1631 τῶν
1048 1574 1249 1631 κώνων
1298 1574 1531 1646 ἄγοντες
1575 1573 1644 1631 τὰ
1691 1578 1922 1631 ἐπίπεδα

224 1662 563 1736 ὀρθὰπρὸς
609 1670 743 1736 μίαν
792 1662 1040 1736 πλευρὰν
1091 1667 1194 1720 τοῦ
1243 1664 1457 1721 κώνου·
1512 1667 1680 1736 δηλοῖ
1721 1663 1784 1720 δὲ
1829 1664 1923 1720 καὶ

223 1751 364 1809 αὐτὰ
409 1752 477 1809 τὰ
526 1750 728 1825 ἀρχαῖα
774 1751 1025 1824 ὀνόματα
1063 1756 1177 1808 τῶν
1216 1757 1525 1826 γραμμῶν.»
1581 1753 1818 1826 ὕστερον
1860 1752 1923 1809 δὲ

217 1840 588 1907 Ἀπολλώνιος
636 1839 664 1897 ὁ
707 1848 986 1914 Περγαῖος
1032 1841 1287 1897 καθόλου
1326 1865 1379 1897 τι
1435 1842 1782 1914 ἐθεώρησεν,
1835 1840 1922 1898 ὅτι

225 1933 284 1987 ἐν
316 1931 482 1987 παντὶ
513 1930 676 2005 κώνῳ
708 1932 800 1986 καὶ
836 1928 992 2005 ὀρθῷ
1031 1931 1124 1986 καὶ
1166 1933 1422 2006 σκαληνῷ
1462 1934 1634 1987 πᾶσαι
1668 1933 1730 1985 αἰ
1756 1934 1927 2002 τομαί

225 2024 332 2076 εἰσι
385 2018 523 2075 κατὰ
581 2019 863 2093 διάφορον
919 2024 1021 2075 τοῦ
1077 2020 1341 2076 ἐπιπέδου
1395 2018 1534 2092 πρὸς
1586 2020 1688 2075 τὸν
1733 2022 1921 2075 κῶνον

223 2108 571 2182 προσβολήν·
628 2105 696 2165 ὃν
734 2109 827 2163 καὶ
867 2108 1265 2181 θαυμάσαντες
1305 2111 1364 2164 οἱ
1397 2106 1516 2164 κατ’
1553 2105 1724 2164 αὐτὸν
1762 2106 1920 2178 γενό-

224 2220 384 2269 μενοι
434 2198 528 2253 διὰ
574 2200 637 2254 τὸ
677 2198 1002 2270 θαυμάσιον
1041 2201 1156 2254 τῶν
1195 2195 1289 2253 ὑπ’
1327 2194 1504 2254 αὐτοῦ
1544 2197 1920 2268 δεδειγμένων

222 2291 480 2343 κωνικῶν
505 2287 891 2359 θεωρημάτων
917 2288 1093 2358 μέγαν
1116 2287 1433 2358 γεωμέτρην
1459 2285 1711 2342 ἐκάλουν.
1746 2288 1921 2340 ταῦτα

225 2375 328 2447 μὲν
370 2369 474 2431 οὗν
517 2374 546 2431 ὁ
588 2381 826 2447 Γεμῖνος
865 2377 927 2431 ἐν
966 2379 1041 2450 τῷ
1083 2378 1219 2450 ἕκτῳ
1261 2375 1401 2446 φησὶ
1446 2378 1544 2445 τῆς
1587 2376 1700 2429 τῶν
1739 2380 1920 2445 μαθη-

215 2465 414 2535 μάτων
453 2470 711 2534 θεωρίας.
777 2461 807 2520 ὃ
842 2464 904 2520 δὲ
935 2464 1101 2535 λέγει,
1142 2462 1312 2535 σαφὲς
1344 2462 1653 2535 ποιήσομεν
1685 2463 1773 2519 ἐπὶ
1805 2465 1919 2518 τῶν

221 2552 605 2624 ὑποκειμένων
644 2562 1031 2626 καταγραφῶν.

337 2647 474 2696 ἔστω
522 2643 583 2696 τὸ
635 2641 729 2697 διὰ
777 2645 876 2696 τοῦ
927 2640 1125 2708 ἄξονος
1169 2644 1273 2697 τοῦ
1311 2639 1501 2696 κώνου
1538 2644 1814 2713 τρίγωνον
1853 2637 1918 2695 τὸ

345 2812 385 2850 2.
421 2802 474 2850 ἐν
506 2804 560 2850 δέ
595 2831 650 2838 -
683 2800 974 2862 ὑπερβολήν]
1006 2818 1051 2860 p,
1084 2818 1177 2861 mg.
1211 2802 1306 2848 W1.
1446 2807 1485 2847 3.
1521 2799 1646 2846 ἔστιν
1677 2801 1752 2846 W.
1877 2805 1916 2845 7.

223 2865 463 2925 σκαληνῷ]
491 2882 521 2908 α
548 2878 663 2910 corr.
690 2876 745 2907 ex
770 2867 794 2907 λ
819 2879 880 2907 m.
910 2869 931 2906 1
959 2863 1031 2907 W.
1142 2867 1182 2907 8.
1217 2858 1495 2921 ἀπέδειξαν]
1528 2876 1573 2918 p,
1598 2861 1693 2905 Wl.
1801 2875 1919 2904 παν-

224 2925 325 2983 τός]
358 2941 391 2968 π
423 2937 538 2968 corr.
574 2937 629 2967 ex
661 2940 687 2968 ν
718 2938 779 2966 m.
815 2927 838 2965 1
873 2921 947 2966 W.
1111 2926 1178 2966 10.
1214 2917 1336 2966 οὕτω
1369 2935 1415 2977 p.
1563 2925 1630 2965 13.
1665 2919 1741 2978 δέ]
1778 2933 1920 2976 supra.
