2034 3216
637 169 990 214 comoonUM
1021 172 1202 214 LIBER
1231 170 1309 216 iv.
1738 171 1808 223 25

905 347 1025 401 XV.

237 464 293 519 Si
342 465 401 517 in
441 466 769 519 sectionibus
810 466 1073 535 oppositis
1113 470 1373 534 punctum
1414 467 1632 536 aliquod
1671 468 1813 522 inter

126 554 256 606 duas
291 553 555 607 sectiones
588 553 834 622 sumitur,
867 556 920 605 et
946 554 1013 606 ab
1040 571 1101 606 eo
1128 555 1301 606 altera
1324 557 1471 622 recta
1497 557 1814 609 alterutram

127 643 500 712 oppositarum
526 642 808 712 contingit,
834 642 1006 695 altera
1030 644 1316 712 utramque
1339 644 1631 697 sectionem
1651 647 1813 713 secat,

37 768 42 769 ff
128 734 181 783 et
237 732 299 782 ut
344 733 428 783 est
472 733 618 782 recta
664 730 804 782 inter
852 731 1077 782 alteram
1126 730 1439 800 sectionem,
1496 750 1657 800 quam
1702 750 1815 785 non

127 818 395 888 contingit
423 821 572 872 recta
603 818 713 883 illa,
753 821 807 870 et
838 822 1095 887 punctum
1127 819 1310 887 posita
1342 819 1409 871 ad
1440 823 1642 873 rectam
1671 821 1813 873 inter

126 910 386 976 punctum
425 908 759 976 alteramque
800 906 1090 959 sectionem
1128 906 1387 977 positam,
1426 908 1506 960 ita
1546 911 1629 961 est
1667 911 1815 962 recta

129 996 308 1065 aliqua
338 995 511 1049 maior
548 998 696 1048 recta
733 996 873 1047 inter
906 994 1170 1048 sectiones
1210 996 1389 1064 posita
1430 996 1498 1048 ad
1539 1015 1814 1050 excessum

127 1085 185 1136 in
232 1102 294 1137 ea
339 1084 598 1154 producta
645 1086 700 1136 et
748 1084 815 1136 ad
862 1084 1087 1136 eundem
1133 1084 1424 1136 terminum
1470 1085 1706 1153 positum
1753 1103 1815 1138 ac

129 1175 338 1242 partem
401 1171 932 1240 correspondentem,
1002 1174 1150 1224 recta
1212 1190 1242 1223 a
1303 1172 1533 1226 termino
1596 1173 1816 1226 maioris

129 1263 306 1314 rectae
347 1260 414 1313 ad
451 1262 712 1330 punctum
751 1262 1030 1313 contactus
1071 1259 1230 1312 ducta
1269 1278 1390 1313 cum
1422 1262 1660 1314 sectione
1693 1280 1817 1315 con-

1284 1352 1476 1417 curret,
1515 1352 1569 1401 et
1607 1352 1754 1402 recta
1786 1369 1818 1402 a

1282 1440 1482 1506 puncto
1527 1455 1817 1490 concursus

1286 1525 1352 1577 ad
1385 1528 1655 1594 sumptum
1688 1543 1818 1595 pun-

1285 1616 1431 1666 ctum
1449 1614 1606 1667 ducta
1626 1614 1819 1667 sectio-

1287 1719 1412 1753 nem
1451 1702 1734 1772 contingit.

1397 1790 1505 1842 sint
1538 1791 1818 1859 oppositae

1284 1882 1352 1946 A,
1377 1881 1440 1946 B,
1473 1881 1819 1947 sumaturque

1329 1965 1470 2017 inter
1509 1966 1772 2018 sectiones

1287 2056 1547 2122 punctum
1604 2054 1821 2122 aliquod

1137 2135 1187 2174 Χ
1287 2146 1341 2192 A
1380 2142 1524 2194 intra
1563 2142 1821 2213 angulum

140 2228 207 2281 ab
249 2228 568 2297 asymptotis
609 2229 1053 2296 comprehensum
1093 2229 1358 2298 positum,
1409 2232 1462 2281 et
1502 2229 1569 2281 ab
1611 2247 1672 2282 eo
1712 2232 1821 2281 AZ

137 2314 464 2384 producatur
503 2317 841 2386 contingenS,
881 2321 1053 2369 AAB
1095 2320 1273 2369 autem
1315 2317 1577 2370 sectiones
1618 2335 1822 2386 secanS,

141 2403 315 2472 sitque
347 2409 400 2456 A
409 2406 461 2456 Γ
476 2424 487 2457 :
508 2407 609 2457 ΓΒ
632 2430 700 2447 =
723 2410 775 2456 A
785 2407 840 2456 A
862 2423 873 2456 :
894 2407 949 2456 A
959 2408 1021 2458 Β.
1092 2406 1582 2473 demonstrandum,
1621 2409 1822 2459 rectam

142 2508 172 2542 a
205 2494 248 2543 Z
289 2491 355 2543 ad
388 2494 441 2543 Γ
472 2491 688 2546 ductam
727 2493 1042 2561 productam
1076 2511 1195 2546 cum
1229 2494 1465 2546 sectione
1498 2511 1824 2561 concurrere,

143 2581 197 2631 et
227 2581 430 2631 rectam
471 2598 502 2631 a
532 2583 730 2648 puncto
765 2599 1054 2634 concursus
1089 2581 1154 2634 ad
1188 2586 1243 2633 A
1282 2582 1499 2635 ductam
1532 2583 1823 2634 sectionem

143 2666 469 2735 contingere.

257 2755 510 2822 quoniam
559 2756 700 2807 enim
741 2760 795 2807 A
840 2759 1100 2824 punctum
1146 2758 1288 2810 intra
1334 2758 1591 2826 angulum
1633 2754 1823 2807 sectio-

142 2858 264 2892 nem
305 2843 841 2911 comprehendentem
879 2844 1114 2912 positum
1156 2847 1259 2912 est,
1298 2844 1415 2896 fieri
1452 2845 1654 2911 potest,
1692 2845 1754 2894 ut
1794 2860 1825 2894 a
1870 2868 1872 2871 f

148 2933 202 2978 A
242 2929 401 2982 aliam
442 2948 650 2999 quoque
692 2932 1091 3001 contingentem
1133 2933 1385 2984 ducamus
1427 2930 1519 3000 [II,
1551 2931 1661 2996 49].
1735 2930 1824 2981 du-
