2046 3256
16 804 26 826 ,-
20 608 32 774 ..Ὼ”.,,,
23 559 25 561 .
22 530 25 533 .

0 1806 16 2028 *tn-›„„.2-ae**»-
2 1721 10 1754 Α.
7 1534 18 1586 ,μ-

397 153 568 194 PAPPI
596 151 887 197 LEMMATA
917 151 983 193 IN
1015 150 1210 193 como,
1241 151 1546 192 LIB.-1-1v.
1708 147 1814 199 153

100 268 479 347 ytocpoistſtrqkog'
517 267 550 339 ἡ
592 267 693 339 μὲν
732 274 841 322 ΑΒ
880 270 945 340 τῇ
988 273 1117 336 ΛΕ,
1158 264 1190 337 ἡ
1233 266 1293 321 δὲ
1326 270 1434 320 ΒΓ
1465 267 1529 338 τῇ
1563 270 1685 319 ΕΖ·
1730 263 1813 319 ὅτι

129 358 222 413 καὶ
259 355 294 428 ἡ
335 362 448 412 AF
479 359 544 429 τῇ
585 363 640 410 A
652 362 696 410 Z
736 359 886 411 ἐστιν
926 355 1288 426 παράλληλος.

242 443 598 514 ἐκβεβλήσθω
638 441 671 514 ἡ
712 447 822 497 ΒΓ
859 443 951 497 καὶ
1001 442 1346 512 συμπιπτέτω
1387 453 1506 506 ταῖς
1542 447 1672 510 ΛΕ,
1707 446 1760 494 A
1772 446 1815 493 Z

129 532 264 589 κατὰ
304 531 371 588 τὰ
409 537 485 602 Η,
518 538 578 587 Θ.
657 531 772 587 ἐπεὶ
812 525 916 586 οὖν
958 532 1134 600 ἐστιν,
1184 527 1258 594 ὡς
1303 527 1336 600 ἡ
1377 535 1484 583 AB
1533 532 1668 600 πρὸς
1713 527 1816 599 τὴν

284 648 335 690 A
796 623 915 688 ΒΓ,
958 616 1132 682 οὕτως
1170 615 1203 688 ἡ
1241 625 1356 672 ΛΕ
1398 620 1535 687 πρὸς
1567 623 1687 686 ΕΖ,
1726 621 1824 671 καί
1881 633 1909 672 5

591 702 634 744 Λ
796 711 938 762 εἰσιν
980 713 1094 761 ἴσαι
1127 709 1188 760 αί
1216 712 1280 775 Β,
1305 712 1357 760 Ε
1385 710 1584 776 γωνίαι
1625 704 1717 759 διὰ
1756 707 1816 759 τὸ

796 793 939 849 εἶναι
966 793 1068 848 δύο
1094 793 1243 865 παρὰ
1269 795 1390 862 δύο,
1420 799 1510 863 ἴση
1537 790 1644 863 ἄρα
1669 791 1818 847 ἐστὶν

135 935 177 976 B
500 855 548 894 Ε
686 852 755 964 ΖΘ
794 883 885 937 καὶ
917 880 950 953 ἡ
977 887 1029 937 Γ
1053 885 1119 955 τῇ
1147 887 1191 936 Ζ
1229 883 1402 951 [Eucl.
1426 883 1521 952 VI,
1547 884 1623 949 6]‚
1663 902 1819 935 τουτ-

146 991 149 995 ·
405 963 528 1000 J'ff
795 972 943 1026 ἐστιν
981 974 1046 1043 τῇ
1086 977 1132 1026 Θ
1178 972 1422 1041 [Eu01.1,
1466 972 1559 1037 29]
1617 968 1708 1022 διὰ
1758 969 1818 1022 τὸ

130 1058 520 1130 παραλλήλους
572 1057 717 1115 εἶναι
777 1058 875 1124 τὰς
930 1065 1058 1128 ΕΖ,
1097 1065 1230 1113 ΗΘ
1300 1056 1650 1128 παράλληλος
1710 1056 1817 1126 ἄρα
1852 1076 1910 1115 10

130 1147 282 1202 ἐστὶν
321 1144 355 1218 ἡ
397 1152 511 1202 AF
541 1150 608 1220 τῇ
650 1154 762 1203 ΔΘ
803 1150 974 1217 [Eucl.
1007 1150 1046 1213 Ι,
1079 1150 1189 1215 28].

243 1249 316 1320 γ’.
370 1249 587 1306 Εὐθεῖα
625 1248 659 1321 ἡ
693 1257 819 1322 ΑΒ,
858 1251 949 1306 καὶ
990 1254 1246 1305 ἔστωσων
1287 1255 1401 1304 ἴσαι
1442 1250 1504 1302 αἱ
1532 1251 1656 1316 ΑΓ,
1688 1252 1820 1316 ΔΒ,

131 1337 223 1393 καὶ
261 1339 463 1409 μεταξὺ
505 1348 618 1394 τῶν
659 1344 721 1408 Γ,
755 1345 810 1393 A
860 1338 1115 1409 εἰλήφθω
1163 1340 1332 1408 τυχὸν
1380 1347 1609 1407 σημεῖον
1648 1338 1708 1390 τὸ
1749 1329 1818 1388 Ε·

134 1423 219 1481 ὅτι
258 1429 320 1480 τὸ
359 1423 467 1481 ὑπὸ
507 1433 672 1482 ΑΛΒ
721 1425 853 1497 μετὰ
892 1429 993 1481 τοῦ
1031 1424 1139 1481 ὑπὸ
1181 1431 1349 1480 ΓΕΔ
1396 1431 1521 1479 ἴσον
1555 1424 1704 1478 ἐστὶν
1743 1425 1817 1497 τῷ

132 1511 242 1568 ὑπὸ
283 1520 463 1568 ΑΕΒ.
1376 1529 1382 1535 ‘
1854 1530 1912 1570 15

269 1621 304 1704 1¹4
576 1619 619 1659 Γ
986 1620 1019 1660 Ζ
1228 1618 1269 1659 Ε
1376 1620 1417 1658 A
1656 1618 1691 1657 Β

600 1674 605 1704 1

245 1748 537 1821 τετμήσθω
577 1746 611 1817 ἡ
645 1753 748 1803 FA
787 1752 930 1819 δίχα,
972 1747 1119 1814 ὅπως
1159 1746 1228 1804 ἂν
1269 1752 1361 1821 ἔχῃ
1403 1747 1479 1812 ὡς
1517 1751 1653 1820 πρὸς
1682 1750 1743 1802 τὸ
1774 1753 1825 1801 Ε

139 1847 391 1908 σημεῖον,
431 1835 568 1891 κατὰ
608 1839 669 1892 τὸ
704 1843 762 1892 Ζ.
824 1837 913 1891 καὶ
957 1837 1071 1892 ἐπεὶ
1109 1841 1170 1893 τὸ
1210 1835 1317 1892 ὑπὸ
1349 1842 1514 1891 AAB
1555 1834 1688 1906 μετὰ
1723 1838 1821 1889 τοῦ

135 1921 243 1979 ἀπὸ
285 1930 393 1978 ZA
441 1931 566 1978 ἴσον
614 1924 764 1979 ἐστὶν
808 1927 884 1999 τῷ
933 1924 1039 1979 ἀπὸ
1081 1930 1182 1978 ΖΒ
1228 1925 1506 1995 [Eucl.11‚
1543 1926 1625 1992 5]‚
1681 1920 1818 1977 ἀλλὰ

134 2015 210 2085 τῷ
251 2010 351 2082 μὲν
391 2010 497 2066 ἀπὸ
542 2018 653 2066 ZA
701 2019 824 2066 ἴσον
872 2012 1022 2067 ἐστὶν
1067 2010 1130 2066 τὸ
1177 2009 1286 2066 ὑπὸ
1327 2015 1496 2065 FEA
1543 2008 1675 2081 μετὰ
1719 2012 1834 2064 τοῦ·

137 2098 245 2154 ἀπὸ
288 2106 395 2154 ΖΕ
440 2102 615 2168 [Eucl.
645 2102 714 2172 II,
746 2103 830 2169 5]‚
884 2103 959 2173 τῷ
1010 2099 1071 2154 δὲ
1110 2098 1218 2154 ἀπὸ
1262 2106 1362 2154 ΖΒ
1404 2106 1530 2154 ἴσον
1569 2098 1720 2154 ἐστὶν
1759 2096 1819 2153 τὸ
1854 2118 1913 2156 20

137 2185 247 2243 ὑπὸ
284 2193 449 2242 ΑΕΒ
489 2186 621 2259 μετὰ
653 2197 754 2243 τοῦ
786 2185 893 2242 ἀπὸ
929 2193 1036 2242 ΖΕ
1075 2191 1245 2255 [Eucl.
1271 2189 1339 2258 II,
1365 2189 1440 2255 5],
1480 2185 1542 2241 τὸ
1574 2185 1682 2258 ἄρα
1713 2183 1820 2241 ὑπὸ

138 2281 305 2330 ΑΔΒ
342 2273 476 2346 μετὰ
509 2278 608 2331 τοῦ
640 2273 750 2331 ὑπὸ
777 2280 943 2331 ΓΕΔ
977 2275 1069 2329 καὶ
1099 2278 1200 2330 τοῦ
1233 2273 1340 2330 ἀπὸ
1370 2281 1476 2329 ΖΕ
1513 2281 1638 2329 ἴσον
1671 2274 1823 2329 ἐστὶν

137 2366 212 2437 τῷ
252 2383 310 2418 τε
349 2362 458 2418 ὑπὸ
492 2369 657 2418 ΑΕΒ
697 2363 788 2418 καὶ
826 2365 901 2438 τῷ
943 2361 1050 2418 ἀπὸ
1094 2368 1210 2418 ΖΕ.
1269 2360 1466 2418 κοινὸν
1506 2359 1821 2434 ἀφῃρήσθω

139 2449 200 2505 τὸ
241 2449 349 2505 ἀπὸ
391 2456 513 2504 ΖΕ·
557 2450 755 2506 λοιπὸν
797 2449 905 2522 ἄρα
943 2449 1005 2505 τὸ
1046 2448 1154 2506 ὑπὸ
1195 2457 1359 2505 AAB
1401 2448 1533 2521 μετὰ
1574 2452 1676 2505 τοῦ
1713 2446 1822 2504 ὑπὸ

140 2543 311 2593 ΓΕΔ
349 2545 474 2593 ἴσον
513 2539 664 2593 ἐστὶν
703 2541 777 2613 τῷ
817 2535 926 2593 ὑπὸ
967 2543 1149 2593 ΑΕΒ.
1854 2565 1913 2604 25

254 2653 325 2710 δ’.
372 2653 588 2710 Εὐθεῖα
627 2653 661 2726 ἡ
702 2662 830 2725 ΑΒ,
868 2657 958 2711 καὶ
999 2659 1247 2711 ἔστωσαν
1287 2662 1403 2710 ἴσαι
1440 2656 1500 2708 αἰ
1537 2658 1660 2723 ΑΓ,
1694 2658 1821 2722 ΔΒ,

140 2741 233 2796 καὶ
279 2744 477 2812 μεταξὺ
516 2747 628 2798 τῶν
670 2749 730 2814 Γ,
766 2751 820 2798 A
866 2742 1118 2815 εἰλήφθω
1165 2742 1338 2813 τυχὸν
1377 2753 1605 2812 σημεῖον
1644 2740 1706 2795 τὸ
1747 2747 1822 2795 Ε·

266 2921 332 2961 16.
368 2915 492 2969 ὅπως
524 2944 579 2950 -
615 2923 683 2963 17.
717 2919 928 2977 σημεῖον]
962 2919 1050 2963 del.
1083 2918 1296 2962 Hulbsch.
