2034 3216
243 137 314 189 14
909 137 1188 182 ΚΩΝΙΚῼΝ
1219 135 1283 183 δ’.

362 393 487 444 Τῶν
527 385 714 444 αὐτῶν
757 386 939 445 ὄντων
979 392 1042 445 τὸ
1085 395 1139 444 Δ
1179 400 1410 462 σημεῖον
1459 394 1596 447 ἔστω
1639 391 1700 447 ἐν
1738 393 1805 465 τῇ
1845 392 1942 464 ἐφ-

241 480 364 550 εξῆς
410 482 591 552 γωνίᾳ
635 480 734 549 τῆς
778 475 888 535 ὑπὸ
935 482 1051 535 τῶν
1099 476 1479 550 ἀσυμπτώτων
1534 481 1942 554 περιεχομένης.

238 567 399 638 λέγω,
440 564 526 623 ὅτι
556 567 649 622 καὶ
682 564 858 633 οὕτως
888 566 955 622 τὰ

179 674 204 715 5
239 654 380 712 αὐτὰ
421 654 777 728 συμβήσεται.

350 746 510 817 ἤχθω
562 744 670 818 γὰρ
720 746 957 816 ἐφαπτο-

238 834 376 906 μένη
425 831 459 905 ἡ
508 839 645 903 ΔΘ,
699 833 792 889 καὶ
844 835 957 889 ἐπι-

239 928 532 995 ζευχθεῖσα
582 920 615 995 ἡ
665 928 770 978 ΘΒ
827 943 954 977 πιπ-

235 1013 390 1083 τέτω,
413 1015 464 1068 εἰ
481 1011 747 1083 δυνατόν,
765 1010 839 1084 μὴ
859 1011 953 1067 διὰ

152 1120 205 1160 10
238 1110 342 1157 τοῦ
371 1106 434 1170 Ζ,
470 1099 610 1156 ἀλλὰ
640 1100 733 1157 διὰ
759 1110 860 1158 τοῦ
886 1105 956 1157 Η.

238 1197 330 1262 ἴση
386 1189 495 1262 ἄρα
550 1190 702 1246 ἐστὶν
757 1188 792 1261 ἡ
845 1196 961 1245 ΔΕ

235 1282 302 1353 τῇ
343 1284 485 1334 ΕΗ·
538 1277 673 1352 ὅπερ
720 1278 954 1336 ἄτοπον·

237 1365 524 1425 ὑπόκειται
563 1368 671 1442 γὰρ
712 1366 746 1440 ἡ
788 1375 904 1424 ΔΕ
938 1371 1004 1441 τῇ
1047 1373 1151 1422 ΕΖ
1191 1373 1299 1438 ἴση.

1049 1554 1082 1602 η
1113 1575 1124 1587 .

151 1654 204 1694 15
360 1638 486 1692 Τῶν
534 1634 723 1692 αὐτῶν
773 1634 955 1692 ὄντων
1004 1640 1141 1690 ἔστω
1189 1638 1250 1690 τὸ
1291 1640 1346 1689 Δ
1395 1647 1626 1707 σημεῖον
1675 1636 1762 1692 ἐπὶ
1808 1638 1939 1708 μιᾶς

235 1728 349 1781 τῶν
390 1723 792 1797 ἀσυμπτωτων,
831 1724 925 1780 καὶ
965 1723 1031 1780 τὰ
1072 1723 1239 1779 λοιπὰ
1278 1726 1527 1795 γινέσθω
1567 1723 1634 1781 τὰ
1675 1721 1832 1781 αὐτοὶ.

348 1815 516 1886 λέγω,
574 1813 660 1870 ὅτι
713 1811 747 1886 ἡ
799 1811 906 1870 ἀπὸ
954 1816 1053 1885 τῆς
1099 1811 1248 1884 ἁφῆς
1295 1811 1376 1869 ἐπ’
1422 1811 1602 1885 ἄκραν
1647 1812 1752 1886 τὴν
1799 1813 1935 1871 ἄπο-

235 1910 557 1975 ληφθεῖσαν
598 1901 844 1975 ἀγομένη
884 1901 1238 1974 παράλληλος
1279 1907 1428 1958 ἔσται
1467 1906 1532 1975 τῇ
1571 1900 1935 1979 ἄσυμπτοότῳ,

237 1990 326 2064 ἐφ’
363 1985 429 2063 ἧς
468 1996 620 2048 ἔσται
658 1996 720 2048 τὸ
762 1999 816 2047 Δ
857 2003 1101 2063 σημεῖον.

147 2106 203 2146 20
349 2085 487 2137 ἔστω
535 2080 642 2158 γὰρ
690 2081 757 2137 τὰ
805 2082 1094 2153 εἰρημένα,
1148 2080 1241 2136 καὶ
1294 2084 1504 2136 κείσθω
1558 2083 1624 2154 τῇ
1672 2087 1790 2136 ΔΕ
1839 2088 1933 2153 ἴση

235 2167 270 2242 ἡ
311 2177 440 2242 ΕΖ,
484 2171 578 2226 καὶ
619 2167 726 2227 ἀπὸ
765 2174 868 2226 τοῦ
907 2177 954 2225 Β
994 2168 1346 2242 παράλληλος
1385 2172 1450 2242 τῇ
1495 2175 1627 2224 ΜΝ
1659 2168 1846 2243 ἤχθω,
1886 2174 1938 2226 εἰ

237 2259 504 2330 δυνατόν,
544 2256 578 2330 ἡ
626 2265 744 2315 ΒΗ.
823 2266 913 2330 ἴση
954 2257 1063 2331 ἄρα
1103 2256 1137 2330 ἡ
1180 2264 1297 2313 ΔΕ
1331 2260 1396 2330 τῇ
1438 2263 1575 2313 ΕΗ·
1628 2257 1763 2331 ὅπερ
1804 2259 1930 2315 ἄτο-

234 2365 365 2403 πον·
404 2345 692 2403 ὑπόκειται
731 2345 837 2419 γὰρ
878 2345 912 2418 ἡ
953 2354 1008 2402 Δ
1020 2353 1071 2401 Ε
1106 2350 1170 2420 τῇ
1212 2353 1315 2402 ΕΖ
1356 2353 1462 2417 ἴση.

1047 2509 1112 2565 θΙ

147 2633 204 2674 25
345 2610 477 2669 Ἐὰν
526 2610 631 2668 ἀπὸ
679 2615 781 2668 τοῦ
822 2611 998 2668 αὐτοῦ
1038 2615 1270 2684 σημείου
1311 2611 1415 2668 δύο
1456 2610 1676 2668 εὐθεῖαι
1715 2611 1933 2686 ‹iffi-561,

234 2703 538 2774 τέμνουσαι
576 2700 764 2757 κώνου
794 2700 971 2773 τομὴν
1004 2697 1037 2771 ἢ
1071 2700 1281 2756 κύκλου
1313 2702 1670 2774 περιφέρειαν
1703 2702 1931 2773 ἑκατέρα

234 2791 371 2847 κατὰ
422 2790 526 2847 δύο
574 2802 798 2863 σημεῖα,
852 2789 945 2845 καὶ
996 2787 1070 2855 ὡς
1116 2795 1341 2862 ἔχουσιν
1391 2792 1452 2844 αἱ
1497 2788 1622 2846 ’ὅλαι
1659 2792 1798 2863 πρὸς
1835 2789 1933 2857 τὰς

356 2943 425 2985 25.
462 2938 569 2998 δύο]
605 2929 720 2998 BV.
843 2943 913 2984 27.
948 2937 1056 2996 δύο]
1087 2928 1118 2997 B
1148 2937 1204 2982 V.
