2020 3236
0 0 152 109 ἦ,

373 164 622 207 EUTOCII
654 163 1091 206 COMMENTARIA
1121 164 1187 206 IN
1217 163 1453 206 CONICA.
1638 160 1746 214 267

0 273 3 279 “
60 302 187 338 nam
224 278 506 353 punctum,
554 282 696 353 quod
733 301 832 352 pro
872 286 919 335 B
961 282 1211 352 sumitur,
1252 285 1345 335 aut
1383 283 1524 334 idem
1564 284 1647 334 est
1687 300 1748 335 ao

63 376 116 424 A
155 374 249 424 aut
286 371 428 423 idem
468 389 529 424 ac
561 373 627 440 Γ,
667 368 799 441 ital)
841 371 983 423 enim
1022 371 1278 439 sequitur,
1315 370 1652 441 triangulum
1691 371 1749 422 in

64 464 171 515 ΑΘ
213 460 540 528 descriptum
579 460 854 528 triangulo
895 460 1053 511 ΓΔΑ
1092 458 1324 511 similem
1363 459 1592 511 eundem
1631 476 1748 512 esse

62 567 124 603 ac
186 549 515 618 triangulum
577 567 608 601 a
668 548 830 600 rectis
893 547 1161 600 abscisum
1222 547 1383 600 rectis
1447 550 1577 614 AA,
1642 548 1756 599 ΛΓ

61 637 354 707 parallelis
439 637 522 689 sin
573 638 833 705 punctum
884 639 926 688 B
978 636 1119 687 inter
1163 639 1240 705 A,
1292 637 1347 687 Γ
1392 635 1640 704 sumitur,
1696 637 1750 687 et
1782 640 1794 646 “

11 725 15 727 ’
62 727 263 796 puncta
303 729 371 795 A,
418 728 470 777 A
509 743 672 794 supra
709 724 969 777 terminos
1011 724 1234 777 alterius
1277 723 1527 776 diametri
1567 723 1749 792 posita

62 817 209 884 sunt,
269 816 380 867 tres
435 832 590 867 casus
647 813 973 882 efficiuntur3
1029 830 1156 865 nam
1211 816 1278 881 Z,
1333 815 1385 863 E
1437 815 1530 864 aut
1585 830 1748 880 supra

60 902 320 955 terminos
367 902 566 955 cadunt
613 904 708 954 aut
752 901 810 953 in
857 919 948 954 eos
998 904 1091 954 aut
1128 900 1283 953 infra.
1364 900 1446 953 sin
1483 903 1554 965 A,
1600 903 1651 952 A
1690 901 1748 952 in

59 992 304 1044 terminis
364 991 587 1045 alterius
643 990 893 1043 diametri
945 990 1125 1058 posita
1180 991 1326 1058 sunt,
1383 992 1450 1057 Z,
1505 992 1557 1040 E
1607 988 1748 1040 infra

61 1079 266 1133 cadent.
342 1079 592 1132 similiter
641 1096 768 1131 uero
818 1119 865 1130 ..
890 1120 900 1130 .
927 1075 991 1147 .2)
1041 1078 1087 1130 si
1126 1080 1173 1129 Β
1222 1079 1372 1129 extra
1409 1078 1462 1129 Γ
1503 1077 1747 1142 sumitur,

64 1169 166 1220 ΘΓ
213 1168 281 1220 ad
329 1169 382 1219 Γ
423 1185 612 1219 uersus
659 1166 1006 1235 producetur3
1060 1164 1139 1218 ita
1186 1168 1365 1218 autem
1412 1165 1633 1234 adcidit,
1686 1168 1747 1216 ut

60 1259 171 1309 tres
219 1256 313 1309 alii
360 1255 668 1307 efficiantur
714 1273 892 1324 casus3
938 1272 1066 1306 nam
1111 1256 1311 1322 puncto
1351 1257 1406 1304 A
1453 1255 1546 1306 aut
1586 1271 1747 1321 supra

61 1344 352 1396 terminum
406 1344 627 1395 alterius
676 1343 926 1395 diametri
974 1342 1196 1395 cadente
1243 1344 1335 1394 aut
1381 1341 1437 1393 in
1484 1359 1605 1393 eum
1653 1344 1747 1393 aut

60 1431 202 1484 infra
249 1450 370 1484 eum
416 1432 579 1484 etiam
621 1435 666 1483 Z
720 1431 971 1484 similiter
1018 1430 1211 1483 cadens
1258 1433 1367 1482 tres
1413 1429 1539 1481 illos
1589 1447 1746 1482 casus

62 1520 269 1573 efficiet.
364 1521 453 1580 sin>
513 1521 580 1572 ad
643 1520 868 1573 alteram
930 1522 1142 1588 partem
1207 1517 1460 1570 sectionis
1516 1518 1747 1570 sumitur

60 1611 317 1677 punctum
349 1612 412 1677 Β,
444 1609 545 1660 ΓΘ
574 1610 798 1677 propter
829 1605 1351 1659 demonstrationem
1383 1604 1451 1658 ad
1482 1608 1528 1656 Θ
1559 1623 1746 1657 uersus

60 1697 406 1766 producetur,
474 1699 603 1766 ΒΖ,
671 1699 781 1748 ΒΕ
847 1698 1028 1748 autem
1095 1697 1207 1746 tres
1274 1712 1429 1747 casus
1493 1693 1746 1762 efficiunt,

61 1785 317 1853 quoniam
356 1788 408 1837 A
454 1785 512 1837 in
556 1784 846 1837 terminum
897 1783 1118 1836 alterius
1168 1782 1418 1835 diametri
1465 1782 1610 1834 cadit
1654 1785 1748 1834 aut

61 1891 224 1941 supra
263 1858 356 1926 aut
392 1873 548 1926 infra.

171 1961 230 2012 in
297 1961 474 2029 ellipsi
534 1978 663 2013 uero
728 1963 780 2012 et
843 1960 1050 2012 ambitu
1112 1959 1298 2012 circuli
1360 1958 1574 2028 singula
1635 1977 1746 2011 non

61 2048 320 2114 dicemm,
361 2049 451 2103 sed
492 2067 553 2101 ea
591 2051 819 2116 tantum,
859 2066 993 2117 quae
1033 2048 1091 2100 in
1128 2047 1498 2117 propositione
1537 2065 1747 2115 praece-

63 2135 260 2207 denti3)
318 2138 463 2190 dicta
514 2141 652 2189 sunt.
736 2154 896 2205 quare
944 2154 1098 2189 casus
1146 2136 1304 2188 huius
1353 2135 1744 2204 propositionis

62 2221 185 2276 CIV
225 2228 367 2278 sunt.

182 2401 225 2455 1)
258 2399 314 2442 H.
348 2412 386 2444 e.
421 2398 460 2442 si
492 2403 527 2441 Β
560 2398 607 2442 in
639 2402 674 2442 A
709 2397 846 2443 cadit.
909 2411 1052 2454 quare
1082 2397 1264 2442 litteras
1296 2401 1348 2455 A,
1383 2400 1425 2440 Γ
1459 2396 1541 2442 lin.
1574 2403 1600 2441 2
1641 2412 1744 2455 per-

62 2458 364 2501 mutauerunt
395 2457 570 2502 Comm.
601 2456 783 2512 Halley.

180 2519 225 2572 2)
255 2515 343 2559 Hic
374 2517 506 2561 deest
537 2530 691 2571 casus,
731 2516 813 2560 ubi
845 2519 900 2569 A,
932 2519 972 2559 Λ
1001 2514 1124 2559 infra
1154 2516 1376 2560 terminos
1409 2515 1602 2569 cadunt;
1643 2516 1745 2559 tum

63 2573 205 2618 etiam
238 2577 286 2628 Z,
312 2577 352 2618 E
383 2574 505 2619 infra
537 2576 720 2619 cadunt.
771 2574 958 2619 omnino
985 2587 1142 2618 omnes
1166 2574 1251 2617 XX
1283 2588 1416 2618 casus
1441 2589 1532 2618 non
1558 2587 1745 2617 enume-

62 2636 226 2676 rantur
255 2646 340 2676 nec
365 2633 672 2690 probabiliter
697 2632 884 2677 restitui
907 2635 1116 2690 possunt,
1149 2633 1259 2689 quia
1284 2632 1534 2678 diuisiones
1558 2631 1744 2677 Eutocii

63 2704 225 2748 parum
255 2691 528 2748 perspicuae
561 2695 681 2736 sunt.

183 2752 226 2807 3)
258 2750 406 2794 Immo
436 2765 569 2808 prop.
595 2749 753 2794 XLIII.
808 2763 913 2793 cum
944 2748 1012 2794 ibi
1042 2751 1090 2794 in
1124 2751 1238 2807 ellip
1244 2752 1282 2794 si
1311 2749 1434 2793 XLII
1467 2763 1601 2793 casus
1633 2762 1742 2793 enu-

65 2809 318 2864 merentur,
355 2808 432 2853 hic
465 2823 649 2865 quoque
680 2809 729 2852 in
761 2808 917 2864 ellipsi
947 2766 1238 2866 circuloquep
1244 2808 1474 2853 LXXXIV
1506 2807 1745 2852 statuendi

65 2868 186 2912 sunt.
236 2881 394 2924 quare,
427 2867 466 2911 si
496 2881 712 2912 numerus
737 2866 823 2910 XX
854 2881 993 2923 supra
1015 2883 1060 2925 p.
1079 2873 1180 2924 264,
1206 2873 1261 2912 26
1286 2869 1334 2911 in
1357 2868 1616 2924 hyperbola
1638 2879 1743 2924 pro-

65 2938 247 2995 positus
279 2954 415 2984 uerus
449 2943 532 2997 est,
566 2941 764 2997 adparet
793 2941 869 2984 hic
901 2940 980 2988 lin.
1007 2946 1064 2985 24
1097 2943 1152 2998 ρδ
1184 2939 1482 2985 scribendum
1514 2952 1625 2985 esse.
