2046 3256
653 164 1010 207 coNICORuM
1039 166 1220 207 LIBER
1250 167 1326 211 IV.
1758 165 1825 218 91

31 224 72 320 ἐ
153 260 156 261 ⁷
257 284 344 338 sin
397 284 660 338 sectiones
718 283 784 337 ad
842 284 1055 337 easdem
1103 287 1282 353 partes
1330 303 1567 339 concaua
1611 285 1829 355 habent,

46 374 55 406 '-
146 375 200 426 et
237 373 408 425 altera
440 373 664 426 alteram
696 372 755 424 in
789 375 1046 442 quattuor
1075 375 1292 441 punctis
1316 379 1383 444 A,
1407 378 1470 443 B,
1493 376 1553 443 Γ,
1577 378 1632 426 Δ
1665 378 1828 445 secat,

178 478 231 518 A
995 506 1043 542 Γ
1201 466 1259 515 ut
1311 463 1368 514 in
1406 463 1596 532 quinta
1634 463 1826 533 figura,

1087 602 1144 642 E
1201 554 1303 602 EZ
1347 570 1466 604 cum
1507 552 1679 605 altera
1715 569 1827 605 non

1262 642 1540 692 concurret
1588 642 1761 709 [prop.

973 586 1125 888 ζ
1201 726 1416 794 XLIVJ.
1523 729 1633 780 iam
1694 747 1823 781 uero

1105 824 1142 861 Z
1201 834 1323 868 cum
1369 819 1480 868 AB
1535 834 1644 869 non
1699 835 1826 869 con—

958 943 1001 983 Λ
1203 907 1379 957 curret
1410 908 1535 972 EZ3
1570 905 1650 957 ita
1683 905 1826 958 enim

158 1003 204 1040 A
1202 1011 1384 1045 rursus
1425 996 1534 1044 AB
1576 1011 1695 1046 cum
1736 1011 1827 1062 op-

140 1085 332 1154 positis
357 1086 592 1154 ΑΒΓΔ,
617 1087 719 1136 ΕΖ
751 1083 808 1135 in
840 1083 1083 1151 pluribus
1115 1081 1326 1151 punctis
1360 1084 1639 1134 concurret
1665 1099 1826 1150 quam

140 1173 196 1226 in
236 1175 490 1244 quattuor
532 1175 703 1242 [prop.
743 1169 1074 1237 XXXVIII].

253 1262 349 1332 sin,
390 1264 450 1314 ut
486 1263 568 1314 est
598 1261 655 1313 in
684 1261 861 1330 figura
894 1262 1059 1324 sexta,
1098 1260 1320 1311 ΑΒΓΔ
1360 1277 1479 1311 cum
1513 1259 1685 1311 altera
1718 1277 1826 1312 sec-

140 1350 287 1403 tione
333 1351 391 1403 in
436 1349 610 1402 tribus
656 1348 872 1418 punctis
918 1347 1207 1415 concurrit,
1254 1351 1358 1400 EZ
1398 1365 1518 1400 cum
1559 1347 1731 1400 altera
1769 1347 1827 1400 in

139 1456 246 1492 uno
289 1438 404 1491 solo
445 1439 725 1491 concurret
766 1438 939 1505 [prop.
978 1434 1194 1503 XLVI].

253 1529 307 1579 et
346 1526 404 1578 in
441 1525 662 1594 reliquis
677 1523 717 1594 1)
761 1524 970 1593 eadem,
1009 1541 1144 1593 quae
1185 1542 1369 1593 supra,
1409 1524 1662 1578 dicemus,

253 1613 507 1683 quoniam
554 1613 721 1683 igitur
767 1614 825 1665 in
873 1612 1144 1678 omnibUS‚
1193 1630 1328 1681 quae
1369 1613 1665 1682 excogitari
1703 1631 1846 1681 pos-.

139 1704 288 1770 sunt,
333 1701 807 1754 distributionibus
859 1701 1083 1771 adparet
1129 1701 1492 1770 propositum,
1544 1702 1827 1770 oppositae

139 1808 258 1842 cum
323 1790 587 1860 oppositis
649 1789 708 1841 in
767 1789 1013 1859 pluribus
1066 1789 1280 1858 punctis
1335 1807 1446 1842 non
1501 1791 1828 1842 concurrunt

140 1896 302 1947 quam
341 1878 398 1930 in
437 1880 703 1947 quattuor.

5 1743 8 1747 ·
0 1246 25 1726 'mmmmm
11 1210 23 1229 -..
11 1124 25 1150 „k
14 1084 18 1086 .
14 1022 25 1066 1
15 973 26 1001 ,Δ
18 951 26 961 ,Α

911 1995 1051 2049 LVI.

251 2096 308 2150 Si
358 2098 642 2166 oppositae
686 2098 963 2167 oppositas
1003 2098 1061 2150 in
1099 2117 1205 2152 uno
1246 2101 1446 2167 puncto
1489 2100 1825 2170 contingunt,

138 2186 195 2237 in
235 2185 357 2238 aliis
399 2203 608 2254 quoque
645 2186 857 2254 punctis
895 2204 1006 2239 non
1039 2189 1356 2240 concurrent
1386 2188 1629 2255 pluribus
1663 2206 1825 2256 quam

138 2272 362 2326 duobus·

249 2361 359 2413 sint
399 2361 680 2429 oppositae
716 2367 765 2413 A
777 2366 837 2427 Β,
862 2364 970 2414 ΒΓ
1003 2364 1057 2414 et
1089 2363 1290 2415 alterae
1325 2366 1392 2433 A,
1419 2366 1536 2433 EZ,
1576 2367 1631 2417 et
1663 2366 1826 2418 ΒΓΔ

0 2444 1 2447 ’
95 2472 99 2474 *
139 2449 429 2502 sectionem
464 2452 573 2501 AB
613 2449 671 2501 in
702 2452 749 2501 Β
790 2450 1085 2519 contingat,
1123 2449 1358 2503 habeant
1397 2454 1576 2504 autem
1613 2455 1824 2521 partem

138 2553 430 2588 conuexam
488 2535 791 2604 aduersam3
846 2539 900 2588 et
952 2537 1185 2604 primum
1231 2540 1389 2590 ΒΓΔ
1444 2557 1563 2591 cum
1610 2541 1715 2591 ΓΔ
1767 2540 1826 2592 in

140 2622 347 2675 duobus
403 2622 616 2690 punctis
664 2625 948 2676 concurrat
993 2625 1052 2693 Γ
1085 2629 1155 2693 Δ,
1201 2628 1261 2678 ut
1306 2625 1364 2677 in
1410 2626 1584 2694 figura
1629 2626 1822 2694 prima.

260 2769 302 2819 1)
342 2766 526 2810 Adsunt
554 2769 796 2823 praeterea
826 2767 875 2811 in
904 2766 948 2811 V
980 2767 1098 2812 duae
1129 2768 1330 2825 figurae,
1364 2768 1446 2812 sed
1476 2769 1643 2823 falsae3
1678 2769 1821 2826 signi

139 2825 249 2869 ficat
271 2824 548 2881 Apollonius
573 2826 687 2870 duos
711 2826 817 2870 illos
842 2840 989 2881 casus,
1020 2826 1102 2871 ubi
1125 2831 1207 2870 AB
1223 2831 1304 2870 ΓΔ
1329 2827 1564 2871 alteram'
1550 2843 1598 2871 1n
1624 2804 1820 2885 duobus,

140 2882 336 2927 alteram
381 2883 430 2927 in
479 2897 572 2927 uno
618 2887 791 2942 puncto
834 2885 989 2941 tangit
1031 2886 1184 2944 [prop.
1217 2885 1380 2942 XLVJ,
1434 2887 1481 2930 et
1519 2886 1600 2930 ubi
1639 2886 1688 2931 in
1726 2901 1818 2931 uno

141 2943 312 2996 puncto
346 2942 588 2987 concurrit.
