2034 3216
619 149 975 191 CONICORUM
1005 150 1186 191 LIBER
1215 151 1291 192 IV.
1723 150 1791 203 19

920 297 984 349 X.

217 398 367 451 Haec
400 399 616 469 quidem
649 400 1018 469 communiter,
1049 400 1105 452 in
1137 401 1437 470 hyperbola
1470 405 1648 455 autem
1679 404 1794 457 sola

108 487 206 540 sic:
247 487 294 539 si
332 487 539 556 reliqua
570 487 755 540 eadem
789 491 1182 557 supponuntur,
1221 493 1422 556 puncta
1455 494 1633 543 autem
1668 509 1792 544 con-

108 593 294 628 cursus
343 576 563 628 alterius
610 580 789 630 rectae
837 579 1038 646 puncta
1078 594 1364 630 concursus
1407 579 1628 631 alterius
1668 597 1792 632 con-

105 663 299 728 tinent,
355 666 409 715 et
446 667 706 733 punctum
748 669 802 716 A
856 666 1001 717 intra
1049 666 1309 735 angulum
1358 667 1424 718 ab
1466 668 1789 736 asymptotis

105 751 549 821 comprehensum
610 753 851 822 positum
909 757 1017 822 est,
1081 754 1264 806 eadem
1321 755 1591 824 euenient,
1654 775 1789 825 quae

38 883 41 894 2
105 842 262 893 antea
294 839 539 910 diximus,
573 840 710 894 sicut
741 843 887 910 prius
915 842 1116 895 dictum
1142 846 1224 895 est
1247 842 1302 894 in
1328 843 1694 912 propositione
1719 844 1787 898 II.

898 1017 991 1070 XI.

212 1120 409 1173 Iisdem
446 1119 639 1188 positis
681 1120 728 1173 si
766 1125 969 1188 puncta
1009 1139 1297 1174 concursus
1338 1122 1558 1175 alterius
1591 1126 1790 1191 puncta

23 1195 26 1198 ’
103 1225 393 1261 concursus
442 1208 662 1261 alterius
709 1227 819 1261 non
870 1210 1169 1280 continent,
1223 1213 1487 1278 punctum
1536 1216 1590 1263 A
1644 1211 1789 1264 intra

103 1297 361 1365 angulum
393 1296 460 1348 ab
496 1298 820 1365 asymptotis
858 1298 1305 1366 comprehensum
1344 1297 1583 1366 positum
1617 1296 1787 1369 erit‚¹)

34 1391 49 1434 ’.
102 1387 156 1436 et
202 1384 377 1453 figura
423 1385 921 1454 demonstratioque
969 1386 1152 1438 eadem
1200 1385 1326 1455 erit,
1383 1405 1517 1455 quae
1565 1386 1620 1438 in
1650 1404 1786 1461 <pro-

101 1472 366 1540 positione
408 1472 500 1525 IX.
1650 1466 1653 1469 Α

882 1576 1000 1629 ΧΠ.

20 1747 22 1750 y
209 1677 408 1731 Iisdem
454 1679 649 1748 positis
694 1680 738 1732 si
777 1683 977 1748 puncta
1017 1698 1305 1733 concursus
1347 1680 1569 1733 alterius
1609 1684 1784 1734 rectae

34 1774 38 1778 ”
99 1770 299 1835 puncta
333 1785 622 1820 concursus
656 1768 876 1821 alterius
906 1768 1196 1837 continent,
1230 1771 1284 1821 et
1315 1772 1572 1838 punctum
1608 1787 1784 1838 sump-

97 1857 210 1908 tum
252 1855 309 1907 in
342 1856 541 1925 angulo
573 1856 809 1925 positum
844 1859 940 1925 est,
981 1856 1069 1926 qui
1105 1857 1302 1926 angulo
1344 1857 1409 1909 ab
1452 1857 1781 1926 asymptotis

47 1987 53 1989 -
99 1942 486 2012 comprehenso
514 1944 761 2012 deinceps
789 1949 870 1997 est
893 1945 1116 2012 positUS,
1142 1948 1288 1997 recta
1311 1963 1407 2013 per
1424 1948 1626 2013 puncta
1649 1945 1781 1998 diui-

99 2031 264 2084 sionis
298 2032 459 2085 ducta
490 2032 753 2101 producta
784 2051 903 2085 cum
937 2033 1172 2085 sectione
1207 2034 1456 2102 opposita
1489 2036 1781 2103 concurret,

98 2123 151 2171 et
189 2123 368 2173 rectae
409 2139 440 2172 a
478 2121 694 2189 punctis
736 2138 1026 2173 concursus
1076 2121 1142 2173 ad
1183 2126 1237 2172 A
1282 2124 1540 2190 punctum
1589 2122 1778 2174 ductae

99 2207 362 2260 sectiones
404 2209 679 2276 oppositas
719 2209 1045 2277 contingent.

207 2295 279 2347 sit
317 2299 440 2347 EH
476 2296 794 2366 hyperbola,
850 2299 1191 2365 asymptotae
1249 2300 1431 2349 autem
1477 2295 1610 2364 ΝΞ,
1652 2299 1780 2365 ΟΠ,

96 2385 149 2435 et
180 2385 422 2436 centrum
453 2387 510 2452 P,
547 2387 603 2435 A
635 2387 813 2436 autem
851 2388 1110 2453 punctum
1150 2385 1207 2436 in
1247 2385 1445 2454 angulo
1486 2383 1654 2444 ΞΡΠ
1684 2403 1778 2453 po-

97 2470 259 2523 situm
300 2471 386 2541 sit,
426 2471 788 2542 ducanturque
833 2477 958 2542 AE,
994 2476 1101 2524 AZ
1139 2473 1493 2542 hyperbolam
1536 2475 1777 2525 secantes

96 2559 337 2628 singulae
368 2559 424 2611 in
456 2559 596 2612 binis
629 2562 855 2629 punctis,
895 2563 948 2612 et
980 2565 1041 2624 E,
1067 2564 1113 2613 Θ
1153 2579 1183 2612 a
1218 2564 1276 2627 Z,
1303 2563 1359 2612 H
1389 2561 1778 2628 contineantur,

96 2647 166 2698 sit
202 2649 378 2699 autem
409 2650 1072 2718 ΕΔεΔΘΞΕΚεΚΘ,
1115 2651 1471 2700 ZA:AH=
1493 2650 1776 2699 ZA:AH.

97 2733 584 2802 demonstrandum,
614 2739 815 2788 rectam
846 2754 941 2804 per
973 2738 1041 2806 K,
1065 2739 1117 2787 A
1148 2736 1359 2789 ductam
1396 2754 1516 2788 cum
1542 2735 1774 2787 sectione

214 2924 257 2980 1)
289 2923 388 2968 Hoc
422 2923 608 2980 quidem
639 2924 810 2969 falsum
845 2926 927 2981 est,
962 2925 1041 2969 sed
1075 2924 1339 2970 emendatio
1372 2923 1562 2967 incerta.

1447 2996 1506 3039 2*
