<?xml version="1.0" encoding="UTF-8"?>
<!DOCTYPE html PUBLIC "-//W3C//DTD XHTML 1.0 Transitional//EN"
    "http://www.w3.org/TR/xhtml1/DTD/xhtml1-transitional.dtd">
<html xmlns="http://www.w3.org/1999/xhtml" xml:lang="en" lang="en">
 <head>
  <title>
</title>
<meta http-equiv="Content-Type" content="text/html;charset=utf-8" />
  <meta name='ocr-system' content='tesseract 3.04.00' />
  <meta name='ocr-capabilities' content='ocr_page ocr_carea ocr_par ocr_line ocrx_word'/>
</head>
<body>
  <div class='ocr_page' id='page_1' title='image "apolloniipergaei02apoluoft_0304.png"; bbox 0 0 2046 3256; ppageno 0'>
   <div class='ocr_carea' id='block_1_1' title="bbox 256 136 1476 193">
    <p class='ocr_par' dir='ltr' id='par_1_1' title="bbox 256 136 1476 193">
     <span class='ocr_line' id='line_1_1' title="bbox 256 136 1476 193; baseline -0.005 -4"><span class='ocrx_word' id='word_1_1' title='bbox 256 136 366 189; x_wconf 82' lang='lat'><em>212</em></span> <span class='ocrx_word' id='word_1_2' title='bbox 726 139 1166 182; x_wconf 83' lang='lat' dir='ltr'>COMMENTARIA</span> <span class='ocrx_word' id='word_1_3' title='bbox 1195 140 1476 193; x_wconf 82' lang='lat' dir='ltr'><strong>ANTIQUA.</strong></span> 
     </span>
    </p>
   </div>
   <div class='ocr_carea' id='block_1_2' title="bbox 170 254 2039 1305">
    <p class='ocr_par' dir='ltr' id='par_1_2' title="bbox 253 254 1966 597">
     <span class='ocr_line' id='line_1_2' title="bbox 255 254 1957 331; baseline 0.003 -20"><span class='ocrx_word' id='word_1_4' title='bbox 255 254 357 327; x_wconf 84' lang='grc' dir='ltr'><em>ὅλη</em></span> <span class='ocrx_word' id='word_1_5' title='bbox 419 254 452 327; x_wconf 79' lang='grc' dir='ltr'><em>ἡ</em></span> <span class='ocrx_word' id='word_1_6' title='bbox 502 262 624 311; x_wconf 89' lang='grc' dir='ltr'><em>ΗΚ</em></span> <span class='ocrx_word' id='word_1_7' title='bbox 657 260 723 330; x_wconf 76' lang='grc' dir='ltr'><em>τῇ</em></span> <span class='ocrx_word' id='word_1_8' title='bbox 771 258 895 319; x_wconf 81' lang='grc' dir='ltr'><em>ΞΠ.</em></span> <span class='ocrx_word' id='word_1_9' title='bbox 980 256 1071 312; x_wconf 90' lang='grc' dir='ltr'><em>καὶ</em></span> <span class='ocrx_word' id='word_1_10' title='bbox 1119 257 1400 329; x_wconf 85' lang='grc' dir='ltr'><em>φανερόν,</em></span> <span class='ocrx_word' id='word_1_11' title='bbox 1452 256 1563 326; x_wconf 85' lang='grc' dir='ltr'><em>ὅτι,</em></span> <span class='ocrx_word' id='word_1_12' title='bbox 1611 256 1711 314; x_wconf 76' lang='grc' dir='ltr'><em>ἐὰν</em></span> <span class='ocrx_word' id='word_1_13' title='bbox 1755 260 1957 331; x_wconf 80' lang='grc' dir='ltr'><em>μεταξὺ</em></span> 
     </span>
     <span class='ocr_line' id='line_1_3' title="bbox 253 345 1966 417; baseline 0.003 -18"><span class='ocrx_word' id='word_1_14' title='bbox 253 347 367 399; x_wconf 77' lang='grc' dir='ltr'><em>τῶν</em></span> <span class='ocrx_word' id='word_1_15' title='bbox 407 350 483 413; x_wconf 92' lang='grc' dir='ltr'><em>Ν,</em></span> <span class='ocrx_word' id='word_1_16' title='bbox 523 346 573 407; x_wconf 81' lang='grc' dir='ltr'><em>Ξ</em></span> <span class='ocrx_word' id='word_1_17' title='bbox 608 348 804 417; x_wconf 80' lang='grc' dir='ltr'><em>ληφθῇ</em></span> <span class='ocrx_word' id='word_1_18' title='bbox 846 368 899 401; x_wconf 92' lang='grc' dir='ltr'><em>τι</em></span> <span class='ocrx_word' id='word_1_19' title='bbox 940 357 1171 417; x_wconf 85' lang='grc' dir='ltr'><em>σημεῖον</em></span> <span class='ocrx_word' id='word_1_20' title='bbox 1213 345 1287 412; x_wconf 79' lang='grc' dir='ltr'><em>ὡς</em></span> <span class='ocrx_word' id='word_1_21' title='bbox 1325 349 1386 402; x_wconf 88' lang='grc' dir='ltr'><em>τὸ</em></span> <span class='ocrx_word' id='word_1_22' title='bbox 1419 352 1478 416; x_wconf 93' lang='grc' dir='ltr'><em>Ρ,</em></span> <span class='ocrx_word' id='word_1_23' title='bbox 1518 347 1610 403; x_wconf 86' lang='grc' dir='ltr'><em>καὶ</em></span> <span class='ocrx_word' id='word_1_24' title='bbox 1649 346 1743 403; x_wconf 79' lang='grc' dir='ltr'><em>διὰ</em></span> <span class='ocrx_word' id='word_1_25' title='bbox 1782 351 1885 404; x_wconf 85' lang='grc' dir='ltr'><em>τοῦ</em></span> <span class='ocrx_word' id='word_1_26' title='bbox 1916 354 1966 404; x_wconf 93' lang='grc' dir='ltr'><strong><em>Ρ</em></strong></span> 
     </span>
     <span class='ocr_line' id='line_1_4' title="bbox 254 432 1962 507; baseline 0.002 -18"><span class='ocrx_word' id='word_1_27' title='bbox 254 436 321 506; x_wconf 78' lang='grc' dir='ltr'><em>τῇ</em></span> <span class='ocrx_word' id='word_1_28' title='bbox 356 438 479 487; x_wconf 89' lang='grc' dir='ltr'><em>ΝΚ</em></span> <span class='ocrx_word' id='word_1_29' title='bbox 508 432 862 505; x_wconf 81' lang='grc' dir='ltr'><em>παράλληλος</em></span> <span class='ocrx_word' id='word_1_30' title='bbox 893 432 1044 507; x_wconf 78' lang='grc' dir='ltr'><em>ἀχθῇ</em></span> <span class='ocrx_word' id='word_1_31' title='bbox 1077 432 1111 506; x_wconf 79' lang='grc' dir='ltr'><em>ἡ</em></span> <span class='ocrx_word' id='word_1_32' title='bbox 1145 440 1267 506; x_wconf 88' lang='grc' dir='ltr'><em>ΡΣ,</em></span> <span class='ocrx_word' id='word_1_33' title='bbox 1301 440 1499 507; x_wconf 82' lang='grc' dir='ltr'><em>μείζων</em></span> <span class='ocrx_word' id='word_1_34' title='bbox 1532 440 1684 492; x_wconf 82' lang='grc' dir='ltr'><em>ἔσται</em></span> <span class='ocrx_word' id='word_1_35' title='bbox 1713 440 1811 507; x_wconf 82' lang='grc' dir='ltr'><em>τῆς</em></span> <span class='ocrx_word' id='word_1_36' title='bbox 1841 438 1890 500; x_wconf 76' lang='grc' dir='ltr'><em>Ξ</em></span> <span class='ocrx_word' id='word_1_37' title='bbox 1902 443 1962 493; x_wconf 92' lang='grc' dir='ltr'><strong><em>Π</em></strong></span> 
     </span>
     <span class='ocr_line' id='line_1_5' title="bbox 258 521 1963 597; baseline 0.003 -20"><span class='ocrx_word' id='word_1_38' title='bbox 258 521 351 577; x_wconf 85' lang='grc' dir='ltr'><em>καὶ</em></span> <span class='ocrx_word' id='word_1_39' title='bbox 393 525 487 577; x_wconf 79' lang='grc' dir='ltr'><em>δια</em></span> <span class='ocrx_word' id='word_1_40' title='bbox 527 525 694 578; x_wconf 80' lang='grc' dir='ltr'><em>τοῦτο</em></span> <span class='ocrx_word' id='word_1_41' title='bbox 734 522 826 578; x_wconf 83' lang='grc' dir='ltr'><em>καὶ</em></span> <span class='ocrx_word' id='word_1_42' title='bbox 864 526 962 595; x_wconf 79' lang='grc' dir='ltr'><em>τῆς</em></span> <span class='ocrx_word' id='word_1_43' title='bbox 1002 529 1138 594; x_wconf 89' lang='grc' dir='ltr'><em>ΗΚ,</em></span> <span class='ocrx_word' id='word_1_44' title='bbox 1172 522 1273 579; x_wconf 82' lang='grc' dir='ltr'><em>ἐὰν</em></span> <span class='ocrx_word' id='word_1_45' title='bbox 1314 523 1376 579; x_wconf 75' lang='grc' dir='ltr'><em>δὲ</em></span> <span class='ocrx_word' id='word_1_46' title='bbox 1415 523 1617 596; x_wconf 81' lang='grc' dir='ltr'><em>μεταξὺ</em></span> <span class='ocrx_word' id='word_1_47' title='bbox 1655 534 1769 582; x_wconf 76' lang='grc' dir='ltr'><em>τῶν</em></span> <span class='ocrx_word' id='word_1_48' title='bbox 1803 531 1881 597; x_wconf 88' lang='grc' dir='ltr'><em>Η,</em></span> <span class='ocrx_word' id='word_1_49' title='bbox 1913 528 1963 589; x_wconf 80' lang='grc' dir='ltr'><em>Ξ</em></span> 
     </span>
    </p>

    <p class='ocr_par' dir='ltr' id='par_1_3' title="bbox 198 607 2039 1042">
     <span class='ocr_line' id='line_1_6' title="bbox 198 607 1958 687; baseline 0.005 -23"><span class='ocrx_word' id='word_1_50' title='bbox 198 623 224 663; x_wconf 82' lang='grc'>5</span> <span class='ocrx_word' id='word_1_51' title='bbox 258 613 454 683; x_wconf 80' lang='grc' dir='ltr'><em>ληφθῇ</em></span> <span class='ocrx_word' id='word_1_52' title='bbox 494 632 548 666; x_wconf 90' lang='grc' dir='ltr'><em>τι</em></span> <span class='ocrx_word' id='word_1_53' title='bbox 589 622 822 682; x_wconf 81' lang='grc' dir='ltr'><em>σημεῖον</em></span> <span class='ocrx_word' id='word_1_54' title='bbox 863 607 987 668; x_wconf 84' lang='grc' dir='ltr'><em>οἷον</em></span> <span class='ocrx_word' id='word_1_55' title='bbox 1025 610 1089 668; x_wconf 85' lang='grc' dir='ltr'><em>τὸ</em></span> <span class='ocrx_word' id='word_1_56' title='bbox 1131 617 1192 683; x_wconf 86' lang='grc' dir='ltr'><em>Τ,</em></span> <span class='ocrx_word' id='word_1_57' title='bbox 1231 612 1323 668; x_wconf 86' lang='grc' dir='ltr'><em>καὶ</em></span> <span class='ocrx_word' id='word_1_58' title='bbox 1362 610 1438 668; x_wconf 83' lang='grc' dir='ltr'><em>δι’</em></span> <span class='ocrx_word' id='word_1_59' title='bbox 1473 611 1649 671; x_wconf 85' lang='grc' dir='ltr'><em>αὐτοῦ</em></span> <span class='ocrx_word' id='word_1_60' title='bbox 1680 614 1958 687; x_wconf 87' lang='grc' dir='ltr'><em>παράλλη-</em></span> 
     </span>
     <span class='ocr_line' id='line_1_7' title="bbox 256 696 1955 775; baseline 0.004 -22"><span class='ocrx_word' id='word_1_61' title='bbox 256 705 352 765; x_wconf 82' lang='grc' dir='ltr'><em>λος</em></span> <span class='ocrx_word' id='word_1_62' title='bbox 392 696 542 772; x_wconf 77' lang='grc' dir='ltr'><strong><em>ἀχθῇ</em></strong></span> <span class='ocrx_word' id='word_1_63' title='bbox 585 696 619 771; x_wconf 81' lang='grc' dir='ltr'>ἡ</span> <span class='ocrx_word' id='word_1_64' title='bbox 662 705 786 770; x_wconf 79' lang='grc' dir='ltr'><em>ΤΤ,</em></span> <span class='ocrx_word' id='word_1_65' title='bbox 827 700 1071 757; x_wconf 84' lang='grc' dir='ltr'><em>ε’λάττων</em></span> <span class='ocrx_word' id='word_1_66' title='bbox 1113 705 1262 757; x_wconf 84' lang='grc' dir='ltr'><em>ἔσται</em></span> <span class='ocrx_word' id='word_1_67' title='bbox 1295 705 1392 773; x_wconf 84' lang='grc' dir='ltr'><em>τῆς</em></span> <span class='ocrx_word' id='word_1_68' title='bbox 1423 704 1539 765; x_wconf 81' lang='grc' dir='ltr'><em>ΞΠ</em></span> <span class='ocrx_word' id='word_1_69' title='bbox 1569 704 1662 760; x_wconf 86' lang='grc' dir='ltr'><em>καὶ</em></span> <span class='ocrx_word' id='word_1_70' title='bbox 1693 707 1791 775; x_wconf 81' lang='grc' dir='ltr'><em>τῆς</em></span> <span class='ocrx_word' id='word_1_71' title='bbox 1821 709 1955 760; x_wconf 90' lang='grc' dir='ltr'><em>ΚΗ.</em></span> 
     </span>
     <span class='ocr_line' id='line_1_8' title="bbox 255 785 1957 864; baseline 0.004 -22"><span class='ocrx_word' id='word_1_72' title='bbox 255 789 349 843; x_wconf 85' lang='grc' dir='ltr'><em>καὶ</em></span> <span class='ocrx_word' id='word_1_73' title='bbox 404 787 521 844; x_wconf 82' lang='grc' dir='ltr'><em>ἐπεὶ</em></span> <span class='ocrx_word' id='word_1_74' title='bbox 573 785 608 859; x_wconf 80' lang='grc' dir='ltr'><em>ἡ</em></span> <span class='ocrx_word' id='word_1_75' title='bbox 665 785 774 844; x_wconf 80' lang='grc' dir='ltr'><em>ὑπὸ</em></span> <span class='ocrx_word' id='word_1_76' title='bbox 822 791 1003 852; x_wconf 80' lang='grc' dir='ltr'><em>ΞΠΚ</em></span> <span class='ocrx_word' id='word_1_77' title='bbox 1053 796 1230 861; x_wconf 83' lang='grc' dir='ltr'><em>γωνία</em></span> <span class='ocrx_word' id='word_1_78' title='bbox 1284 796 1484 863; x_wconf 81' lang='grc' dir='ltr'><em>μείζων</em></span> <span class='ocrx_word' id='word_1_79' title='bbox 1539 792 1653 848; x_wconf 86' lang='grc' dir='ltr'><em>ε’στὶ</em></span> <span class='ocrx_word' id='word_1_80' title='bbox 1707 796 1803 864; x_wconf 83' lang='grc' dir='ltr'><em>τῆς</em></span> <span class='ocrx_word' id='word_1_81' title='bbox 1851 789 1957 849; x_wconf 81' lang='grc' dir='ltr'><em>ὑπὸ</em></span> 
     </span>
     <span class='ocr_line' id='line_1_9' title="bbox 256 876 2039 954; baseline 0.004 -22"><span class='ocrx_word' id='word_1_82' title='bbox 256 879 453 947; x_wconf 81' lang='grc' dir='ltr'><em>ΑΞΠ,</em></span> <span class='ocrx_word' id='word_1_83' title='bbox 509 883 601 948; x_wconf 77' lang='grc' dir='ltr'><em>ἴση</em></span> <span class='ocrx_word' id='word_1_84' title='bbox 658 877 720 934; x_wconf 77' lang='grc' dir='ltr'><em>δὲ</em></span> <span class='ocrx_word' id='word_1_85' title='bbox 767 876 801 949; x_wconf 83' lang='grc' dir='ltr'>ἡ</span> <span class='ocrx_word' id='word_1_86' title='bbox 852 876 961 935; x_wconf 82' lang='grc' dir='ltr'><em>ὑπὸ</em></span> <span class='ocrx_word' id='word_1_87' title='bbox 1013 884 1191 935; x_wconf 89' lang='grc' dir='ltr'><em>ΟΠΚ</em></span> <span class='ocrx_word' id='word_1_88' title='bbox 1241 882 1307 953; x_wconf 81' lang='grc' dir='ltr'><em>τῇ</em></span> <span class='ocrx_word' id='word_1_89' title='bbox 1354 878 1463 936; x_wconf 85' lang='grc' dir='ltr'><em>ὑπὸ</em></span> <span class='ocrx_word' id='word_1_90' title='bbox 1515 885 1702 952; x_wconf 59' lang='lat' dir='ltr'><em>ORE,</em></span> <span class='ocrx_word' id='word_1_91' title='bbox 1758 888 1954 954; x_wconf 80' lang='grc' dir='ltr'><em>μείζων</em></span> <span class='ocrx_word' id='word_1_92' title='bbox 2037 891 2039 893; x_wconf 77' lang='grc'><strong>’</strong></span> 
     </span>
     <span class='ocr_line' id='line_1_10' title="bbox 257 963 1957 1042; baseline 0.004 -22"><span class='ocrx_word' id='word_1_93' title='bbox 257 964 366 1037; x_wconf 79' lang='grc' dir='ltr'><em>ἄρα</em></span> <span class='ocrx_word' id='word_1_94' title='bbox 405 966 498 1020; x_wconf 86' lang='grc' dir='ltr'><em>καὶ</em></span> <span class='ocrx_word' id='word_1_95' title='bbox 538 965 571 1036; x_wconf 81' lang='grc' dir='ltr'>ἡ</span> <span class='ocrx_word' id='word_1_96' title='bbox 613 963 721 1021; x_wconf 83' lang='grc' dir='ltr'><em>ὑπὸ</em></span> <span class='ocrx_word' id='word_1_97' title='bbox 765 969 936 1029; x_wconf 79' lang='grc' dir='ltr'><em>ΟΗΞ</em></span> <span class='ocrx_word' id='word_1_98' title='bbox 969 970 1066 1038; x_wconf 81' lang='grc' dir='ltr'><em>τῆς</em></span> <span class='ocrx_word' id='word_1_99' title='bbox 1107 965 1217 1024; x_wconf 83' lang='grc' dir='ltr'><em>ὑπὸ</em></span> <span class='ocrx_word' id='word_1_100' title='bbox 1253 971 1432 1031; x_wconf 78' lang='grc' dir='ltr'><strong>ΗΞΟ.</strong></span> <span class='ocrx_word' id='word_1_101' title='bbox 1495 967 1528 1041; x_wconf 81' lang='grc' dir='ltr'><em>ἡ</em></span> <span class='ocrx_word' id='word_1_102' title='bbox 1571 972 1676 1033; x_wconf 75' lang='grc' dir='ltr'><em>ΞΟ</em></span> <span class='ocrx_word' id='word_1_103' title='bbox 1713 969 1821 1041; x_wconf 75' lang='grc' dir='ltr'><em>ἄρα</em></span> <span class='ocrx_word' id='word_1_104' title='bbox 1859 975 1957 1042; x_wconf 83' lang='grc' dir='ltr'><em>τῆς</em></span> 
     </span>
    </p>

    <p class='ocr_par' dir='ltr' id='par_1_4' title="bbox 170 1055 1961 1305">
     <span class='ocr_line' id='line_1_11' title="bbox 170 1055 1958 1130; baseline 0.006 -24"><span class='ocrx_word' id='word_1_105' title='bbox 170 1067 225 1106; x_wconf 90' lang='grc'><em>10</em></span> <span class='ocrx_word' id='word_1_106' title='bbox 260 1059 381 1109; x_wconf 91' lang='lat' dir='ltr'><em>OH</em></span> <span class='ocrx_word' id='word_1_107' title='bbox 417 1058 616 1126; x_wconf 81' lang='grc' dir='ltr'><em>μείζων</em></span> <span class='ocrx_word' id='word_1_108' title='bbox 663 1055 755 1111; x_wconf 86' lang='grc' dir='ltr'><em>καὶ</em></span> <span class='ocrx_word' id='word_1_109' title='bbox 804 1055 896 1111; x_wconf 82' lang='grc' dir='ltr'><em>διὰ</em></span> <span class='ocrx_word' id='word_1_110' title='bbox 943 1060 1108 1112; x_wconf 86' lang='grc' dir='ltr'><em>τοῦτο</em></span> <span class='ocrx_word' id='word_1_111' title='bbox 1155 1058 1247 1113; x_wconf 83' lang='grc' dir='ltr'><em>καὶ</em></span> <span class='ocrx_word' id='word_1_112' title='bbox 1287 1055 1321 1129; x_wconf 79' lang='grc' dir='ltr'>ἡ</span> <span class='ocrx_word' id='word_1_113' title='bbox 1370 1064 1476 1114; x_wconf 88' lang='grc' dir='ltr'><em>ΚΟ</em></span> <span class='ocrx_word' id='word_1_114' title='bbox 1514 1067 1612 1130; x_wconf 84' lang='grc' dir='ltr'><em>τῆς</em></span> <span class='ocrx_word' id='word_1_115' title='bbox 1652 1066 1779 1116; x_wconf 91' lang='grc' dir='ltr'><em>ΟΠ.</em></span> <span class='ocrx_word' id='word_1_116' title='bbox 1857 1061 1958 1116; x_wconf 83' lang='grc' dir='ltr'><em>ἐὰν</em></span> 
     </span>
     <span class='ocr_line' id='line_1_12' title="bbox 259 1141 1961 1221; baseline 0.004 -23"><span class='ocrx_word' id='word_1_117' title='bbox 259 1143 325 1199; x_wconf 81' lang='grc' dir='ltr'><em>δέ</em></span> <span class='ocrx_word' id='word_1_118' title='bbox 366 1163 498 1200; x_wconf 89' lang='grc' dir='ltr'><em>ποτε</em></span> <span class='ocrx_word' id='word_1_119' title='bbox 546 1141 579 1215; x_wconf 80' lang='grc' dir='ltr'>ἡ</span> <span class='ocrx_word' id='word_1_120' title='bbox 629 1145 787 1214; x_wconf 82' lang='grc' dir='ltr'><em>ἑτέρα</em></span> <span class='ocrx_word' id='word_1_121' title='bbox 836 1143 1027 1202; x_wconf 76' lang='grc' dir='ltr'><em>αὐτῶν</em></span> <span class='ocrx_word' id='word_1_122' title='bbox 1077 1149 1203 1218; x_wconf 75' lang='grc' dir='ltr'><em>δίχα</em></span> <span class='ocrx_word' id='word_1_123' title='bbox 1251 1151 1540 1221; x_wconf 79' lang='grc' dir='ltr'>διαιρεθῇ,</span> <span class='ocrx_word' id='word_1_124' title='bbox 1587 1146 1622 1219; x_wconf 77' lang='grc' dir='ltr'><em>ἡ</em></span> <span class='ocrx_word' id='word_1_125' title='bbox 1670 1151 1835 1220; x_wconf 84' lang='grc' dir='ltr'><em>λοιπὴ</em></span> <span class='ocrx_word' id='word_1_126' title='bbox 1883 1154 1961 1215; x_wconf 81' lang='grc' dir='ltr'><em>εἰς</em></span> 
     </span>
     <span class='ocr_line' id='line_1_13' title="bbox 258 1230 822 1305; baseline 0.004 -18"><span class='ocrx_word' id='word_1_127' title='bbox 258 1230 424 1288; x_wconf 75' lang='grc' dir='ltr'><em>ἄνισα</em></span> <span class='ocrx_word' id='word_1_128' title='bbox 464 1234 822 1305; x_wconf 77' lang='grc' dir='ltr'><strong><em>τμηθήσεται.</em></strong></span> 
     </span>
    </p>
   </div>
   <div class='ocr_carea' id='block_1_3' title="bbox 170 1371 1959 2785">
    <p class='ocr_par' dir='ltr' id='par_1_5' title="bbox 170 1371 1959 2785">
     <span class='ocr_line' id='line_1_14' title="bbox 960 1371 1269 1433; baseline 0.003 -11"><span class='ocrx_word' id='word_1_129' title='bbox 960 1372 1061 1433; x_wconf 78' lang='grc' dir='ltr'><em>Εἰς</em></span> <span class='ocrx_word' id='word_1_130' title='bbox 1101 1371 1161 1423; x_wconf 90' lang='grc' dir='ltr'><em>τὸ</em></span> <span class='ocrx_word' id='word_1_131' title='bbox 1204 1372 1269 1428; x_wconf 85' lang='grc' dir='ltr'><em>ς’.</em></span> 
     </span>
     <span class='ocr_line' id='line_1_15' title="bbox 370 1469 1956 1546; baseline 0.002 -20"><span class='ocrx_word' id='word_1_132' title='bbox 370 1470 682 1542; x_wconf 84' lang='grc' dir='ltr'><em>Προσέχειν</em></span> <span class='ocrx_word' id='word_1_133' title='bbox 738 1470 867 1542; x_wconf 85' lang='grc' dir='ltr'><em>χρή,</em></span> <span class='ocrx_word' id='word_1_134' title='bbox 925 1469 1010 1526; x_wconf 79' lang='grc' dir='ltr'><em>ὅτι</em></span> <span class='ocrx_word' id='word_1_135' title='bbox 1067 1470 1135 1527; x_wconf 83' lang='grc' dir='ltr'><em>οὐ</em></span> <span class='ocrx_word' id='word_1_136' title='bbox 1181 1472 1360 1544; x_wconf 88' lang='grc' dir='ltr'><em>μάτην</em></span> <span class='ocrx_word' id='word_1_137' title='bbox 1412 1473 1732 1545; x_wconf 88' lang='grc' dir='ltr'><em>πρόσκειται</em></span> <span class='ocrx_word' id='word_1_138' title='bbox 1781 1475 1842 1530; x_wconf 84' lang='grc' dir='ltr'><em>ἐν</em></span> <span class='ocrx_word' id='word_1_139' title='bbox 1889 1477 1956 1546; x_wconf 81' lang='grc' dir='ltr'><em>τῇ</em></span> 
     </span>
     <span class='ocr_line' id='line_1_16' title="bbox 172 1557 1956 1632; baseline 0.003 -21"><span class='ocrx_word' id='word_1_140' title='bbox 172 1571 227 1610; x_wconf 88' lang='lat'><em>15</em></span> <span class='ocrx_word' id='word_1_141' title='bbox 264 1558 528 1631; x_wconf 78' lang='grc' dir='ltr'><em>προτάσει</em></span> <span class='ocrx_word' id='word_1_142' title='bbox 573 1557 636 1614; x_wconf 90' lang='grc' dir='ltr'><em>τὸ</em></span> <span class='ocrx_word' id='word_1_143' title='bbox 686 1562 807 1614; x_wconf 77' lang='grc' dir='ltr'><em>δεῖν</em></span> <span class='ocrx_word' id='word_1_144' title='bbox 853 1560 957 1630; x_wconf 81' lang='grc' dir='ltr'><em>τὴν</em></span> <span class='ocrx_word' id='word_1_145' title='bbox 1004 1557 1287 1632; x_wconf 73' lang='grc' dir='ltr'><em>ἀγομένην</em></span> <span class='ocrx_word' id='word_1_146' title='bbox 1334 1560 1566 1617; x_wconf 78' lang='grc' dir='ltr'><em>εὐθεῖαν</em></span> <span class='ocrx_word' id='word_1_147' title='bbox 1606 1559 1715 1617; x_wconf 82' lang='grc' dir='ltr'><em>άπὸ</em></span> <span class='ocrx_word' id='word_1_148' title='bbox 1753 1564 1856 1617; x_wconf 86' lang='grc' dir='ltr'><em>τοῦ</em></span> <span class='ocrx_word' id='word_1_149' title='bbox 1896 1564 1956 1618; x_wconf 79' lang='grc' dir='ltr'><em>ἐν</em></span> 
     </span>
     <span class='ocr_line' id='line_1_17' title="bbox 258 1649 1956 1724; baseline 0.003 -22"><span class='ocrx_word' id='word_1_150' title='bbox 258 1651 324 1719; x_wconf 80' lang='grc' dir='ltr'><em>τῇ</em></span> <span class='ocrx_word' id='word_1_151' title='bbox 366 1650 664 1721; x_wconf 80' lang='grc' dir='ltr'><em>ἐπιφανείᾳ</em></span> <span class='ocrx_word' id='word_1_152' title='bbox 703 1653 937 1719; x_wconf 80' lang='grc' dir='ltr'><em>σημείου</em></span> <span class='ocrx_word' id='word_1_153' title='bbox 978 1649 1338 1720; x_wconf 82' lang='grc' dir='ltr'><em>παράλληλον</em></span> <span class='ocrx_word' id='word_1_154' title='bbox 1379 1654 1479 1724; x_wconf 79' lang='grc' dir='ltr'><em>μιᾷ</em></span> <span class='ocrx_word' id='word_1_155' title='bbox 1509 1672 1622 1706; x_wconf 91' lang='grc' dir='ltr'><em>τινι</em></span> <span class='ocrx_word' id='word_1_156' title='bbox 1651 1653 1765 1706; x_wconf 78' lang='grc' dir='ltr'><em>τῶν</em></span> <span class='ocrx_word' id='word_1_157' title='bbox 1798 1652 1859 1706; x_wconf 85' lang='grc' dir='ltr'><em>ἐν</em></span> <span class='ocrx_word' id='word_1_158' title='bbox 1891 1653 1956 1723; x_wconf 80' lang='grc' dir='ltr'><em>τῇ</em></span> 
     </span>
     <span class='ocr_line' id='line_1_18' title="bbox 259 1733 1958 1812; baseline 0.003 -22"><span class='ocrx_word' id='word_1_159' title='bbox 259 1734 420 1805; x_wconf 82' lang='grc' dir='ltr'><em>βάσει</em></span> <span class='ocrx_word' id='word_1_160' title='bbox 461 1733 705 1792; x_wconf 78' lang='grc' dir='ltr'><em>εὐθειῶν</em></span> <span class='ocrx_word' id='word_1_161' title='bbox 745 1738 885 1808; x_wconf 81' lang='grc' dir='ltr'><em>πρὸς</em></span> <span class='ocrx_word' id='word_1_162' title='bbox 917 1736 1095 1808; x_wconf 79' lang='grc' dir='ltr'><em>ὀρθὰς</em></span> <span class='ocrx_word' id='word_1_163' title='bbox 1134 1736 1276 1810; x_wconf 77' lang='grc' dir='ltr'><em>οὔσῃ</em></span> <span class='ocrx_word' id='word_1_164' title='bbox 1317 1738 1538 1804; x_wconf 79' lang='grc' dir='ltr'><em>πάντως</em></span> <span class='ocrx_word' id='word_1_165' title='bbox 1567 1746 1633 1812; x_wconf 84' lang='grc' dir='ltr'><em>τῇ</em></span> <span class='ocrx_word' id='word_1_166' title='bbox 1666 1738 1827 1810; x_wconf 87' lang='grc' dir='ltr'><em>βάσει</em></span> <span class='ocrx_word' id='word_1_167' title='bbox 1856 1749 1958 1794; x_wconf 89' lang='grc' dir='ltr'><em>τοῦ</em></span> 
     </span>
     <span class='ocr_line' id='line_1_19' title="bbox 260 1825 1956 1899; baseline 0.003 -21"><span class='ocrx_word' id='word_1_168' title='bbox 260 1825 355 1879; x_wconf 83' lang='grc' dir='ltr'><em>διὰ</em></span> <span class='ocrx_word' id='word_1_169' title='bbox 401 1828 505 1879; x_wconf 83' lang='grc' dir='ltr'><em>τοῦ</em></span> <span class='ocrx_word' id='word_1_170' title='bbox 553 1825 755 1892; x_wconf 78' lang='grc' dir='ltr'><em>ἄξονος</em></span> <span class='ocrx_word' id='word_1_171' title='bbox 799 1825 1081 1897; x_wconf 76' lang='grc' dir='ltr'><em>τριγώνου</em></span> <span class='ocrx_word' id='word_1_172' title='bbox 1125 1825 1364 1898; x_wconf 75' lang='grc' dir='ltr'><em>ἄγεσθαι</em></span> <span class='ocrx_word' id='word_1_173' title='bbox 1403 1827 1781 1899; x_wconf 89' lang='grc' dir='ltr'><em>παράλληλον·</em></span> <span class='ocrx_word' id='word_1_174' title='bbox 1829 1827 1956 1884; x_wconf 85' lang='grc' dir='ltr'><em>τού-</em></span> 
     </span>
     <span class='ocr_line' id='line_1_20' title="bbox 258 1913 1953 1988; baseline 0.002 -20"><span class='ocrx_word' id='word_1_175' title='bbox 258 1935 362 1969; x_wconf 91' lang='grc' dir='ltr'><em>του</em></span> <span class='ocrx_word' id='word_1_176' title='bbox 399 1913 507 1985; x_wconf 82' lang='grc' dir='ltr'><em>γὰρ</em></span> <span class='ocrx_word' id='word_1_177' title='bbox 549 1913 622 1985; x_wconf 87' lang='grc' dir='ltr'><em>μὴ</em></span> <span class='ocrx_word' id='word_1_178' title='bbox 664 1913 828 1981; x_wconf 78' lang='grc' dir='ltr'><em>ὄντος</em></span> <span class='ocrx_word' id='word_1_179' title='bbox 868 1913 938 1971; x_wconf 82' lang='grc' dir='ltr'><em>οὐ</em></span> <span class='ocrx_word' id='word_1_180' title='bbox 978 1915 1223 1971; x_wconf 80' lang='grc' dir='ltr'><em>δυνατόν</em></span> <span class='ocrx_word' id='word_1_181' title='bbox 1266 1918 1417 1971; x_wconf 83' lang='grc' dir='ltr'><em>ἐστιν</em></span> <span class='ocrx_word' id='word_1_182' title='bbox 1456 1915 1631 1987; x_wconf 85' lang='grc' dir='ltr'><em>αὐτὴν</em></span> <span class='ocrx_word' id='word_1_183' title='bbox 1672 1920 1799 1988; x_wconf 80' lang='grc' dir='ltr'><em>δίχα</em></span> <span class='ocrx_word' id='word_1_184' title='bbox 1837 1917 1953 1987; x_wconf 81' lang='grc' dir='ltr'><em>τέμ-</em></span> 
     </span>
     <span class='ocr_line' id='line_1_21' title="bbox 170 2000 1956 2078; baseline 0.003 -23"><span class='ocrx_word' id='word_1_185' title='bbox 170 2014 230 2054; x_wconf 80' lang='lat'><em>20</em></span> <span class='ocrx_word' id='word_1_186' title='bbox 262 2009 467 2057; x_wconf 84' lang='grc' dir='ltr'><em>νεσθαι</em></span> <span class='ocrx_word' id='word_1_187' title='bbox 512 2000 623 2058; x_wconf 81' lang='grc' dir='ltr'><em>ὑπὸ</em></span> <span class='ocrx_word' id='word_1_188' title='bbox 662 2006 765 2058; x_wconf 85' lang='grc' dir='ltr'><em>τοῦ</em></span> <span class='ocrx_word' id='word_1_189' title='bbox 807 2001 901 2059; x_wconf 77' lang='grc' dir='ltr'><em>διὰ</em></span> <span class='ocrx_word' id='word_1_190' title='bbox 939 2013 1041 2060; x_wconf 85' lang='grc' dir='ltr'><em>τοῦ</em></span> <span class='ocrx_word' id='word_1_191' title='bbox 1081 2003 1279 2072; x_wconf 74' lang='grc' dir='ltr'><em>ἄξονος</em></span> <span class='ocrx_word' id='word_1_192' title='bbox 1316 2004 1617 2078; x_wconf 76' lang='grc' dir='ltr'><em>τριγώνου·</em></span> <span class='ocrx_word' id='word_1_193' title='bbox 1667 2003 1801 2077; x_wconf 80' lang='grc' dir='ltr'><em>ὅπερ</em></span> <span class='ocrx_word' id='word_1_194' title='bbox 1824 2005 1956 2072; x_wconf 64' lang='grc' dir='ltr'><em>,ἐστὶ</em></span> 
     </span>
     <span class='ocr_line' id='line_1_22' title="bbox 259 2092 1953 2170; baseline 0.002 -24"><span class='ocrx_word' id='word_1_195' title='bbox 259 2113 512 2162; x_wconf 86' lang='grc' dir='ltr'><em>φανερον</em></span> <span class='ocrx_word' id='word_1_196' title='bbox 561 2093 619 2148; x_wconf 81' lang='grc' dir='ltr'><em>ἐκ</em></span> <span class='ocrx_word' id='word_1_197' title='bbox 666 2101 764 2163; x_wconf 80' lang='grc' dir='ltr'><em>τῆς</em></span> <span class='ocrx_word' id='word_1_198' title='bbox 811 2096 872 2149; x_wconf 83' lang='grc' dir='ltr'><em>ἐν</em></span> <span class='ocrx_word' id='word_1_199' title='bbox 919 2102 995 2168; x_wconf 79' lang='grc' dir='ltr'><em>τῷ</em></span> <span class='ocrx_word' id='word_1_200' title='bbox 1043 2095 1190 2170; x_wconf 76' lang='grc' dir='ltr'><em>ῥητῷ</em></span> <span class='ocrx_word' id='word_1_201' title='bbox 1234 2098 1607 2166; x_wconf 83' lang='grc' dir='ltr'><em>καταγραφῆς.</em></span> <span class='ocrx_word' id='word_1_202' title='bbox 1683 2098 1735 2150; x_wconf 81' lang='grc' dir='ltr'><em>εἰ</em></span> <span class='ocrx_word' id='word_1_203' title='bbox 1773 2092 1879 2166; x_wconf 82' lang='grc' dir='ltr'><em>γὰρ</em></span> <span class='ocrx_word' id='word_1_204' title='bbox 1919 2093 1953 2165; x_wconf 80' lang='grc' dir='ltr'>ἡ</span> 
     </span>
     <span class='ocr_line' id='line_1_23' title="bbox 258 2179 1959 2256; baseline 0.002 -22"><span class='ocrx_word' id='word_1_205' title='bbox 258 2185 408 2250; x_wconf 86' lang='grc' dir='ltr'><em>ΜΝ,</em></span> <span class='ocrx_word' id='word_1_206' title='bbox 446 2179 597 2251; x_wconf 73' lang='grc' dir='ltr'><em>ᾗτινι</em></span> <span class='ocrx_word' id='word_1_207' title='bbox 629 2181 985 2254; x_wconf 83' lang='grc' dir='ltr'><em>παράλληλός</em></span> <span class='ocrx_word' id='word_1_208' title='bbox 1017 2185 1167 2238; x_wconf 78' lang='grc' dir='ltr'><em>ἐστιν</em></span> <span class='ocrx_word' id='word_1_209' title='bbox 1199 2180 1232 2254; x_wconf 85' lang='grc' dir='ltr'>ἡ</span> <span class='ocrx_word' id='word_1_210' title='bbox 1269 2190 1323 2238; x_wconf 91' lang='grc' dir='ltr'><em>Δ</em></span> <span class='ocrx_word' id='word_1_211' title='bbox 1333 2188 1461 2253; x_wconf 91' lang='grc' dir='ltr'><em>ΖΗ,</em></span> <span class='ocrx_word' id='word_1_212' title='bbox 1502 2183 1576 2255; x_wconf 90' lang='grc' dir='ltr'><em>μὴ</em></span> <span class='ocrx_word' id='word_1_213' title='bbox 1606 2183 1745 2256; x_wconf 83' lang='grc' dir='ltr'><em>πρὸς</em></span> <span class='ocrx_word' id='word_1_214' title='bbox 1777 2181 1959 2254; x_wconf 83' lang='grc' dir='ltr'><em>ὀρθὰς</em></span> 
     </span>
     <span class='ocr_line' id='line_1_24' title="bbox 261 2268 1957 2344; baseline 0.003 -21"><span class='ocrx_word' id='word_1_215' title='bbox 261 2275 345 2340; x_wconf 80' lang='grc' dir='ltr'><em>εἴη</em></span> <span class='ocrx_word' id='word_1_216' title='bbox 394 2273 458 2342; x_wconf 78' lang='grc' dir='ltr'><em>τῇ</em></span> <span class='ocrx_word' id='word_1_217' title='bbox 509 2275 636 2340; x_wconf 92' lang='grc' dir='ltr'><em>ΒΓ,</em></span> <span class='ocrx_word' id='word_1_218' title='bbox 693 2274 894 2342; x_wconf 84' lang='grc' dir='ltr'><em>δῆλον,</em></span> <span class='ocrx_word' id='word_1_219' title='bbox 953 2269 1036 2326; x_wconf 84' lang='grc' dir='ltr'><em>ὅτι</em></span> <span class='ocrx_word' id='word_1_220' title='bbox 1085 2269 1219 2327; x_wconf 77' lang='grc' dir='ltr'><em>οὐδὲ</em></span> <span class='ocrx_word' id='word_1_221' title='bbox 1268 2274 1394 2343; x_wconf 83' lang='grc' dir='ltr'><em>δίχα</em></span> <span class='ocrx_word' id='word_1_222' title='bbox 1440 2272 1695 2344; x_wconf 79' lang='grc' dir='ltr'><em>τέμνεται</em></span> <span class='ocrx_word' id='word_1_223' title='bbox 1743 2269 1876 2328; x_wconf 76' lang='grc' dir='ltr'><em>οὐδὲ</em></span> <span class='ocrx_word' id='word_1_224' title='bbox 1922 2268 1957 2343; x_wconf 81' lang='grc' dir='ltr'><em>ἡ</em></span> 
     </span>
     <span class='ocr_line' id='line_1_25' title="bbox 262 2357 1955 2431; baseline 0.002 -20"><span class='ocrx_word' id='word_1_225' title='bbox 262 2362 319 2411; x_wconf 90' lang='grc' dir='ltr'><em>Κ</em></span> <span class='ocrx_word' id='word_1_226' title='bbox 326 2367 391 2414; x_wconf 91' lang='grc' dir='ltr'><em>Λ.</em></span> <span class='ocrx_word' id='word_1_227' title='bbox 452 2359 544 2413; x_wconf 85' lang='grc' dir='ltr'><em>καὶ</em></span> <span class='ocrx_word' id='word_1_228' title='bbox 586 2358 679 2414; x_wconf 75' lang='grc' dir='ltr'><em>διὰ</em></span> <span class='ocrx_word' id='word_1_229' title='bbox 719 2368 833 2415; x_wconf 78' lang='grc' dir='ltr'><em>τῶν</em></span> <span class='ocrx_word' id='word_1_230' title='bbox 868 2358 1057 2415; x_wconf 77' lang='grc' dir='ltr'><em>αὐτῶν</em></span> <span class='ocrx_word' id='word_1_231' title='bbox 1090 2359 1275 2430; x_wconf 89' lang='grc' dir='ltr'><em>λόγων</em></span> <span class='ocrx_word' id='word_1_232' title='bbox 1309 2359 1627 2431; x_wconf 89' lang='grc' dir='ltr'><em>συνάγεται,</em></span> <span class='ocrx_word' id='word_1_233' title='bbox 1668 2357 1754 2416; x_wconf 82' lang='grc' dir='ltr'><em>ὅτι</em></span> <span class='ocrx_word' id='word_1_234' title='bbox 1785 2361 1955 2431; x_wconf 83' lang='grc' dir='ltr'><em>ἐστίν,</em></span> 
     </span>
     <span class='ocr_line' id='line_1_26' title="bbox 170 2442 1954 2521; baseline 0.004 -24"><span class='ocrx_word' id='word_1_235' title='bbox 170 2456 228 2497; x_wconf 79' lang='lat'><em>25</em></span> <span class='ocrx_word' id='word_1_236' title='bbox 262 2442 339 2510; x_wconf 78' lang='grc' dir='ltr'><em>ὥς</em></span> <span class='ocrx_word' id='word_1_237' title='bbox 386 2443 420 2516; x_wconf 81' lang='grc' dir='ltr'><em>ἡ</em></span> <span class='ocrx_word' id='word_1_238' title='bbox 468 2451 580 2501; x_wconf 83' lang='grc' dir='ltr'><em>ΚΘ</em></span> <span class='ocrx_word' id='word_1_239' title='bbox 623 2446 764 2519; x_wconf 78' lang='grc' dir='ltr'><em>πρὸς</em></span> <span class='ocrx_word' id='word_1_240' title='bbox 804 2454 936 2518; x_wconf 79' lang='grc' dir='ltr'><em>ΘΛ,</em></span> <span class='ocrx_word' id='word_1_241' title='bbox 985 2446 1162 2514; x_wconf 78' lang='grc' dir='ltr'><em>οὕτως</em></span> <span class='ocrx_word' id='word_1_242' title='bbox 1207 2447 1241 2520; x_wconf 80' lang='grc' dir='ltr'>ἡ</span> <span class='ocrx_word' id='word_1_243' title='bbox 1281 2455 1391 2503; x_wconf 92' lang='grc' dir='ltr'><em>ΔΖ</em></span> <span class='ocrx_word' id='word_1_244' title='bbox 1429 2448 1570 2521; x_wconf 82' lang='grc' dir='ltr'><em>πρὸς</em></span> <span class='ocrx_word' id='word_1_245' title='bbox 1609 2455 1741 2504; x_wconf 91' lang='grc' dir='ltr'><em>ΖΗ·</em></span> <span class='ocrx_word' id='word_1_246' title='bbox 1788 2449 1881 2504; x_wconf 85' lang='grc' dir='ltr'><em>καὶ</em></span> <span class='ocrx_word' id='word_1_247' title='bbox 1920 2447 1954 2520; x_wconf 82' lang='grc' dir='ltr'><em>ἡ</em></span> 
     </span>
     <span class='ocr_line' id='line_1_27' title="bbox 263 2533 1621 2608; baseline 0.004 -20"><span class='ocrx_word' id='word_1_248' title='bbox 263 2539 394 2589; x_wconf 90' lang='grc' dir='ltr'><em>ΔΗ</em></span> <span class='ocrx_word' id='word_1_249' title='bbox 425 2533 535 2605; x_wconf 75' lang='grc' dir='ltr'><em>ἄρα</em></span> <span class='ocrx_word' id='word_1_250' title='bbox 576 2540 653 2601; x_wconf 82' lang='grc' dir='ltr'><em>εἰς</em></span> <span class='ocrx_word' id='word_1_251' title='bbox 691 2534 859 2591; x_wconf 74' lang='grc' dir='ltr'><em>ἄνισα</em></span> <span class='ocrx_word' id='word_1_252' title='bbox 897 2536 1241 2608; x_wconf 82' lang='grc' dir='ltr'><em>τμηθήσεται</em></span> <span class='ocrx_word' id='word_1_253' title='bbox 1280 2537 1416 2593; x_wconf 81' lang='grc' dir='ltr'><em>κατὰ</em></span> <span class='ocrx_word' id='word_1_254' title='bbox 1457 2536 1520 2594; x_wconf 81' lang='grc' dir='ltr'><em>τὸ</em></span> <span class='ocrx_word' id='word_1_255' title='bbox 1562 2545 1621 2594; x_wconf 92' lang='grc' dir='ltr'><em>Ζ.</em></span> 
     </span>
     <span class='ocr_line' id='line_1_28' title="bbox 376 2622 1956 2698; baseline 0.003 -20"><span class='ocrx_word' id='word_1_256' title='bbox 376 2624 621 2679; x_wconf 82' lang='grc' dir='ltr'><em>δυνατὸν</em></span> <span class='ocrx_word' id='word_1_257' title='bbox 686 2622 748 2679; x_wconf 77' lang='grc' dir='ltr'><em>δὲ</em></span> <span class='ocrx_word' id='word_1_258' title='bbox 806 2627 1096 2697; x_wconf 82' lang='grc' dir='ltr'><em>κατωτέρω</em></span> <span class='ocrx_word' id='word_1_259' title='bbox 1158 2628 1260 2681; x_wconf 83' lang='grc' dir='ltr'><em>τοῦ</em></span> <span class='ocrx_word' id='word_1_260' title='bbox 1313 2625 1522 2681; x_wconf 85' lang='grc' dir='ltr'><em>κύκλου</em></span> <span class='ocrx_word' id='word_1_261' title='bbox 1573 2627 1666 2681; x_wconf 86' lang='grc' dir='ltr'><em>καὶ</em></span> <span class='ocrx_word' id='word_1_262' title='bbox 1721 2627 1807 2682; x_wconf 84' lang='grc' dir='ltr'><em>ἐπὶ</em></span> <span class='ocrx_word' id='word_1_263' title='bbox 1860 2629 1956 2698; x_wconf 78' lang='grc' dir='ltr'><em>τῆς</em></span> 
     </span>
     <span class='ocr_line' id='line_1_29' title="bbox 260 2709 1737 2785; baseline 0.002 -19"><span class='ocrx_word' id='word_1_264' title='bbox 260 2709 397 2768; x_wconf 80' lang='grc' dir='ltr'><em>κατὰ</em></span> <span class='ocrx_word' id='word_1_265' title='bbox 438 2711 699 2785; x_wconf 83' lang='grc' dir='ltr'><em>κορυφὴν</em></span> <span class='ocrx_word' id='word_1_266' title='bbox 740 2714 1065 2784; x_wconf 81' lang='grc' dir='ltr'><em>ἐπιφανείας</em></span> <span class='ocrx_word' id='word_1_267' title='bbox 1102 2713 1168 2768; x_wconf 85' lang='grc' dir='ltr'><em>τὰ</em></span> <span class='ocrx_word' id='word_1_268' title='bbox 1210 2712 1350 2769; x_wconf 81' lang='grc' dir='ltr'><em>αὐτὰ</em></span> <span class='ocrx_word' id='word_1_269' title='bbox 1392 2717 1737 2770; x_wconf 81' lang='grc' dir='ltr'><em>δείκνυσθαι.</em></span> 
     </span>
    </p>
   </div>
   <div class='ocr_carea' id='block_1_4' title="bbox 262 2817 429 2824">
    <p class='ocr_par' dir='ltr' id='par_1_6' title="bbox 262 2817 429 2824">
     <span class='ocr_line' id='line_1_30' title="bbox 262 2817 429 2824; baseline 0 0"><span class='ocrx_word' id='word_1_270' title='bbox 262 2817 429 2824; x_wconf 95' lang='lat' dir='ltr'><em> </em></span> 
     </span>
    </p>
   </div>
   <div class='ocr_carea' id='block_1_5' title="bbox 434 2817 617 2826">
    <p class='ocr_par' dir='ltr' id='par_1_7' title="bbox 434 2817 617 2826">
     <span class='ocr_line' id='line_1_31' title="bbox 434 2817 617 2826; baseline 0 0"><span class='ocrx_word' id='word_1_271' title='bbox 434 2817 617 2826; x_wconf 95' lang='lat' dir='ltr'><em> </em></span> 
     </span>
    </p>
   </div>
   <div class='ocr_carea' id='block_1_6' title="bbox 267 2871 1953 2993">
    <p class='ocr_par' dir='ltr' id='par_1_8' title="bbox 267 2871 1953 2993">
     <span class='ocr_line' id='line_1_32' title="bbox 383 2871 1952 2934; baseline 0.002 -16"><span class='ocrx_word' id='word_1_272' title='bbox 383 2879 423 2919; x_wconf 82' lang='lat'><em>7.</em></span> <span class='ocrx_word' id='word_1_273' title='bbox 458 2874 636 2933; x_wconf 64' lang='lat' dir='ltr'><strong><em>EHK]</em></strong></span> <span class='ocrx_word' id='word_1_274' title='bbox 671 2877 720 2918; x_wconf 88' lang='lat' dir='ltr'><em>H</em></span> <span class='ocrx_word' id='word_1_275' title='bbox 750 2889 774 2919; x_wconf 86' lang='lat' dir='ltr'>e</span> <span class='ocrx_word' id='word_1_276' title='bbox 807 2888 922 2920; x_wconf 82' lang='lat' dir='ltr'><strong>corr.</strong></span> <span class='ocrx_word' id='word_1_277' title='bbox 956 2891 1015 2919; x_wconf 91' lang='lat' dir='ltr'><em>m.</em></span> <span class='ocrx_word' id='word_1_278' title='bbox 1053 2882 1074 2919; x_wconf 93' lang='lat'>1</span> <span class='ocrx_word' id='word_1_279' title='bbox 1110 2876 1182 2921; x_wconf 90' lang='lat' dir='ltr'><em>W.</em></span> <span class='ocrx_word' id='word_1_280' title='bbox 1313 2871 1438 2920; x_wconf 72' lang='grc' dir='ltr'><em>ἐστίν</em></span> <span class='ocrx_word' id='word_1_281' title='bbox 1470 2876 1543 2919; x_wconf 87' lang='lat' dir='ltr'><em>W.</em></span> <span class='ocrx_word' id='word_1_282' title='bbox 1695 2880 1736 2920; x_wconf 92' lang='lat'><em>8.</em></span> <span class='ocrx_word' id='word_1_283' title='bbox 1774 2877 1952 2934; x_wconf 83' lang='lat' dir='ltr'><em>OHK]</em></span> 
     </span>
     <span class='ocr_line' id='line_1_33' title="bbox 267 2933 1953 2993; baseline 0.002 -17"><span class='ocrx_word' id='word_1_284' title='bbox 267 2934 308 2976; x_wconf 90' lang='grc' dir='ltr'><em>Ο</em></span> <span class='ocrx_word' id='word_1_285' title='bbox 347 2933 507 2978; x_wconf 77' lang='lat' dir='ltr'><strong>insert.</strong></span> <span class='ocrx_word' id='word_1_286' title='bbox 542 2948 602 2977; x_wconf 89' lang='lat' dir='ltr'><em>m.</em></span> <span class='ocrx_word' id='word_1_287' title='bbox 639 2938 661 2976; x_wconf 91' lang='lat'>1</span> <span class='ocrx_word' id='word_1_288' title='bbox 697 2933 770 2979; x_wconf 88' lang='lat' dir='ltr'><em>W.</em></span> <span class='ocrx_word' id='word_1_289' title='bbox 942 2934 1115 2993; x_wconf 77' lang='grc' dir='ltr'><strong>ΟΗΞ]</strong></span> <span class='ocrx_word' id='word_1_290' title='bbox 1158 2935 1258 2978; x_wconf 83' lang='grc' dir='ltr'><em>ΗΞ</em></span> <span class='ocrx_word' id='word_1_291' title='bbox 1284 2950 1315 2992; x_wconf 86' lang='lat' dir='ltr'><strong>p</strong></span> <span class='ocrx_word' id='word_1_292' title='bbox 1356 2936 1404 2980; x_wconf 76' lang='lat' dir='ltr'><em>et</em></span> <span class='ocrx_word' id='word_1_293' title='bbox 1436 2936 1481 2983; x_wconf 82' lang='grc' dir='ltr'><strong><em>Ξ</em></strong></span> <span class='ocrx_word' id='word_1_294' title='bbox 1517 2934 1565 2979; x_wconf 89' lang='lat' dir='ltr'><em>in</em></span> <span class='ocrx_word' id='word_1_295' title='bbox 1598 2949 1687 2979; x_wconf 80' lang='lat' dir='ltr'><strong>ras.</strong></span> <span class='ocrx_word' id='word_1_296' title='bbox 1720 2950 1780 2979; x_wconf 91' lang='lat' dir='ltr'><em>m.</em></span> <span class='ocrx_word' id='word_1_297' title='bbox 1815 2941 1837 2979; x_wconf 89' lang='lat'>1</span> <span class='ocrx_word' id='word_1_298' title='bbox 1873 2936 1953 2990; x_wconf 87' lang='lat' dir='ltr'><em>W;</em></span> 
     </span>
    </p>
   </div>
  </div>
 </body>
</html>
