2046 3256
143 1070 198 1110 10

142 1514 194 1553 15

135 1957 193 1996 20

234 137 260 188 1
272 135 298 187 7
305 136 342 187 4
701 138 1140 181 COMMENTARIA
1169 139 1452 192 ANTIQUA.

231 259 423 326 ΒΑΓ,
483 254 586 311 δύο
636 253 816 326 ὀρθὰς
865 252 900 327 ἢ
950 255 1043 312 διὰ
1091 254 1154 312 τὸ
1203 256 1576 329 ὑπερβάλλειν
1614 254 1719 329 τὴν
1759 263 1928 313 ΔΕΖ

234 342 337 415 τὴν
376 343 778 416 κορυφὴν-τοῦ
818 344 1008 401 κώνου
1046 345 1139 401 καὶ
1172 349 1504 417 συμπίπτειν
1534 347 1600 417 τῇ
1626 350 1727 401 ΓΑ
1760 345 1927 411 ἐκτός.

345 434 446 488 ἐὰν
480 433 540 489 δὲ
573 432 880 504 ὀξυγώνιος
910 427 944 508 ᾗ
980 432 1009 490 ὁ
1041 443 1223 500 κῶνος
1262 430 1443 500 ὀξείας
1467 432 1730 505 δηλονότι
1754 434 1927 506 οὔσης

231 524 328 592 τῆς
371 519 482 578 ὑπὸ
523 527 714 594 ΒΑΓ,
772 526 835 578 αἱ
869 528 1059 594 ΒΑΓ,
1093 529 1259 578 ΑΕΖ
1307 526 1530 578 ἔσονται
1578 522 1682 579 δύο
1730 520 1926 595 ὀρθῶν

234 609 552 678 ἐλάσσονες·
594 609 735 668 ὥστε
767 614 831 667 αἰ
857 618 979 682 ΕΖ,
1006 617 1119 667 ΑΓ
1151 610 1550 683 ἐκβαλλόμεναι
1582 615 1925 682 συμπεσοῦν·

231 722 320 755 ται
355 697 728 772 ὁπουδήποτε·
765 702 1150 772 προσαυξῆσαι
1181 699 1288 772 γὰρ
1322 699 1568 772 δύναμαι
1600 698 1699 756 τὸν
1723 708 1927 756 κῶνον.

234 793 385 845 ἔσται
426 783 532 846 οὖν
574 792 634 846 ἐν
673 793 739 863 τῇ
781 791 1078 863 ἐπιφανείᾳ
1115 788 1275 861 τομή,
1315 786 1437 860 ἥτις
1473 794 1718 845 καλεῖται
1758 793 1926 845 ἔλλει-

230 889 342 949 ψις,
385 877 529 935 οὕτω
569 886 841 950 κληθεῖσα
880 878 1004 950 ἤτοι
1046 877 1138 933 διὰ
1179 881 1241 934 τὸ
1284 880 1554 934 ἐλλείπειν
1587 877 1692 934 δύο
1726 876 1928 948 ὀρθαῖς

229 965 329 1033 τὰς
359 970 762 1041 προειρημένας
793 972 1000 1039 γωνίας
1030 967 1064 1039 ἢ
1094 965 1188 1022 διὰ
1219 970 1280 1022 τὸ
1312 966 1414 1038 τὴν
1441 971 1687 1034 ἔλλειψιν
1717 966 1926 1023 κύκλον

231 1055 376 1112 εἶναι
416 1060 624 1128 ἐλλιπῆ,

344 1146 521 1212 οὕτως
568 1145 670 1218 μὲν
719 1139 824 1202 οὖν
874 1148 931 1201 οὗ
966 1144 1194 1200 παλαιοὶ
1233 1144 1577 1215 ὑποθέμενοι
1616 1141 1679 1199 τὸ
1718 1144 1924 1215 τέμνον

229 1236 495 1291 ἐπίπεδον
533 1234 596 1291 τὸ
637 1234 730 1290 διὰ
762 1238 860 1306 τῆς
890 1240 1053 1289 ΔΕΖ
1093 1232 1233 1305 πρὸς
1264 1229 1443 1305 ὀρθὰς
1473 1235 1539 1305 τῇ
1563 1237 1673 1287 ΑΒ
1712 1235 1924 1305 πλευρᾷ
1985 1277 1988 1280 ,

227 1332 330 1379 τοῦ
371 1325 464 1379 διὰ
504 1333 605 1380 τοῦ
646 1323 846 1391 ἄξονος
883 1326 985 1379 τοῦ
1023 1321 1211 1379 κώνου
1249 1320 1531 1393 τριγώνου
1569 1321 1661 1376 καὶ
1694 1325 1773 1377 ἔτι
1806 1324 1924 1376 δια-

229 1411 444 1485 φόρους
481 1411 613 1479 τοὺς
650 1412 871 1477 κώνους
903 1411 1228 1484 ἐθεώρησαν
1259 1410 1351 1465 καὶ
1385 1410 1471 1464 ἐπὶ
1505 1408 1739 1466 ἑκάστου
1772 1413 1925 1466 ἰδίαν

227 1501 429 1573 τομήν·
485 1500 514 1558 ὁ
563 1503 626 1558 δὲ
659 1500 1048 1572 Ἀπολλώνιος
1074 1497 1426 1570 ὑποθέμενος
1463 1499 1566 1553 τὸν
1603 1500 1790 1554 κῶνον
1828 1498 1920 1553 καὶ

229 1588 411 1661 ὀρθὸν
450 1591 542 1646 καὶ
584 1589 867 1662 σκαληνὸν
906 1593 972 1662 τῇ
1015 1587 1270 1663 διαφόρῳ
1311 1588 1413 1643 τοῦ
1450 1586 1716 1642 ἐπιπέδου
1746 1592 1922 1642 κλίσει

229 1679 538 1752 διαφόρους
579 1680 801 1750 ἐποίησε
840 1677 936 1744 τὰς
974 1676 1161 1750 τομάς.

340 1772 477 1823 ἔστω
526 1769 635 1839 γὰρ
683 1768 851 1824 πάλιν
902 1765 975 1832 ῶς
1023 1767 1110 1822 ἐπὶ
1156 1767 1269 1820 τῶν
1311 1762 1498 1820 αὐτῶν
1545 1766 1921 1835 καταγραφῶν

225 1855 287 1911 τὸ
326 1858 532 1928 τέμνον
573 1858 837 1911 ἐπίπεδον
877 1853 940 1910 τὸ
982 1858 1182 1922 ΚΕΛ,
1236 1850 1398 1922 κοινὴ
1448 1851 1510 1906 δὲ
1558 1849 1734 1906 αὐτοῦ
1779 1851 1919 1923 τομὴ

224 1945 317 2000 καὶ
355 1948 453 2017 τῆς
491 1944 705 2016 βάσεως
747 1946 848 1999 τοῦ
888 1941 1075 1997 κώνου
1115 1938 1148 2011 ἡ
1190 1945 1385 2010 ΚΖΛ,
1433 1938 1595 2010 κοινὴ
1644 1939 1706 1995 δὲ
1751 1939 1920 1995 πάλιν

226 2031 402 2088 αὐτοῦ
448 2037 547 2089 τοῦ
597 2038 769 2087 ΚΕΛ
817 2031 1082 2087 ἐπιπέδου
1137 2029 1228 2083 καὶ
1275 2037 1376 2084 τοῦ
1424 2033 1594 2083 ΑΒΓ
1639 2027 1920 2100 τριγώνου

225 2120 258 2194 ἡ
303 2129 431 2192 ΕΖ,
487 2120 607 2191 ἥτις
652 2122 744 2176 καὶ
793 2120 1089 2191 διάμετρος
1135 2123 1380 2173 καλεῖται
1426 2119 1524 2184 τῆς
1568 2119 1754 2187 τομῆς.
1831 2116 1918 2172 ἐπὶ

224 2220 420 2266 πασῶν
455 2203 558 2265 οὖν
590 2212 705 2264 τῶν
736 2211 925 2280 τομῶν
951 2205 1277 2262 ὑποτίθεται
1301 2206 1405 2276 τὴν
1430 2210 1488 2259 K
1495 2210 1546 2259 A
1577 2205 1716 2276 πρὸς
1739 2202 1920 2277 ὀρθὰς

222 2302 289 2371 τῇ
330 2303 442 2353 ΒΓ
471 2297 632 2369 βάσει
671 2307 773 2354 τοῦ
812 2301 984 2352 ΑΒΓ
1014 2294 1313 2367 τριγώνου,
1353 2292 1553 2348 λοιπὸν
1595 2293 1686 2363 δέ,
1728 2296 1779 2348 εἰ
1814 2292 1917 2364 μὲν

343 2525 384 2564 4.
420 2516 474 2563 αἴ
501 2520 663 2577 ΒΑΓ]
697 2534 787 2563 om.
812 2519 936 2576 Wp,
981 2531 1095 2562 corr.
1130 2515 1184 2560 U.
1308 2518 1349 2558 ὅ.
1391 2509 1658 2581 ἐλάσσονες]
1697 2529 1804 2565 -ες
1835 2513 1917 2558 ob-

225 2593 359 2623 scuro
392 2592 543 2635 comp.
576 2594 631 2635 p,
664 2574 916 2628 ἐλάσσονος
946 2577 1021 2621 W.
1107 2633 1126 2643 „
1160 2569 1299 2631 ὥστε]
1331 2586 1516 2643 sompnum
1548 2588 1598 2617 τε
1629 2572 1744 2630 Wp,
1874 2578 1914 2618 8.

224 2636 416 2696 ὀρθαῖς]
442 2638 549 2682 fort.
570 2635 743 2693 ὀρθῶν.
847 2643 915 2682 10.
943 2634 1128 2718 ἐλλείπῃ
1145 2631 1220 2677 W.
1240 2695 1293 2735 15
1317 2637 1391 2701 ¹¹2
1411 2648 1533 2694 ουτω
1555 2647 1603 2699 p.
1629 2689 1638 2698 ·
1698 2629 1912 2735 .14.νέ1πί]

224 2693 339 2801 ἓξὲξ.
362 2698 475 2812 {³233
506 2696 1253 2812 332353353335<3’33.‚³·1„1=210
1285 2690 1777 2816 ἑρᾷῧέὲιῖἓΐὶῗξᾎέᾋ
1810 2706 1915 2806 ερέἷῖ

222 2815 342 2859 tium
366 2817 520 2871 uacat,
548 2815 677 2859 cuius
700 2818 882 2871 partem
909 2812 1093 2858 obtinet
1116 2812 1285 2867 figura3
1312 2822 1495 2864 mgnum
1519 2808 1715 2852 lacunae
1733 2808 1837 2854 add.
1855 2807 1910 2853 U.

285 2879 353 2918 16.
387 2871 547 2929 κλήσει
578 2873 652 2919 W.
754 2878 823 2919 17.
858 2869 1077 2928 ἐποίησεν
1110 2869 1186 2915 W.
1287 2872 1359 2912 22·
1392 2869 1538 2910 ΕΖΗ
1566 2883 1634 2918 τις
1664 2867 1739 2912 W.
1841 2871 1911 2912 23.

222 2933 406 2990 πασῶν]
443 2931 621 2989 scripsi,
654 2932 797 2977 πλέον
829 2931 944 2989 Wp,
977 2930 1169 2975 πάντων
1190 2927 1253 2983 (Ξ)
1284 2939 1377 2982 mg.
1412 2924 1465 2969 U.
