2020 3236
234 149 343 202 356
707 149 1150 192 COMMENTARIA
1179 149 1462 201 ANTIQUA.

345 266 642 338 ἀνάγνωθι
698 260 803 322 οὖν
859 264 1001 321 αὐτὰ
1051 266 1342 337 ἐπιμελῶς,
1396 265 1489 322 καὶ
1536 273 1593 322 εἴ
1633 282 1723 324 σοι
1771 289 1935 324 κατα-

235 361 458 427 θυμίως
497 355 725 426 γένηται
763 354 855 409 καὶ
894 352 960 409 τὰ
1000 354 1166 409 λοιπὰ
1207 353 1345 410 κατὰ
1382 357 1587 411 τοῦτον
1625 354 1726 412 τὸν
1755 355 1936 412 τύπον

232 442 327 500 ὑπ’
366 446 503 515 ἐμοῦ
536 445 851 514 ἐκτεθῆναι,
882 443 975 498 καὶ
1007 445 1173 498 τοῦτο
1206 445 1350 498 θεοῦ
1373 440 1688 515 ἡγουμένου
1710 444 1933 517 γενήσε·

232 555 339 591 ται.
416 536 644 603 ἔρρωσο.

175 619 201 660 5
830 603 1072 670 ’Ἀλλως
1109 604 1179 660 τὸ
1219 604 1333 662 κδ’.

330 701 623 758 ’Ἑστωσαν
672 704 734 756 αἱ
776 706 1027 771 ΕΑΒΓ,
1070 707 1241 756 AAB
1256 705 1310 755 Γ
1346 707 1534 772 τομαί,
1583 699 1660 768 ῶς
1705 709 1939 776 εἴρηται,

235 793 328 847 καὶ
377 791 622 863 διήχθω,
681 787 756 855 ῶς
805 794 1023 861 ἔτυχεν,
1080 787 1114 860 ἡ
1160 795 1351 858 ΔΕΓ,
1403 791 1496 845 καὶ

236 879 331 936 διὰ
370 884 474 935 τοῦ
515 886 567 934 A
613 880 679 951 τῇ
721 883 897 934 ΔΕΓ
935 877 1290 951 παράλληλος
1337 877 1495 951 ἤχθω
1872 866 1914 908 Λ

237 965 272 1039 ἦ
319 974 441 1024 ΑΘ.

154 1071 209 1111 10
354 1061 406 1112 εί
457 1049 561 1112 οὖν
609 1054 767 1122 ἐντὸς
811 1060 926 1112 τῶν
971 1058 1159 1127 τομῶν
1206 1060 1415 1126 πίπτει,
1461 1054 1496 1126 ἡ

237 1147 298 1201 ἐν
353 1148 429 1222 τῷ
478 1147 625 1219 ῥητῷ
685 1142 966 1212 ἀπόδειξις
1018 1142 1273 1215 ἁρμόσει·
1331 1147 1383 1200 εἰ
1435 1144 1498 1199 δὲ

237 1233 510 1305 ἐφάψεται
562 1233 702 1289 κατὰ
753 1232 814 1290 τὸ
863 1242 940 1303 Α,
996 1230 1331 1305 ἀμφοτέρων
1383 1234 1496 1288 ἐπι-

236 1321 442 1389 ψαύσει
496 1325 611 1378 τῶν
664 1325 877 1394 τομῶν,
940 1322 1032 1377 καὶ
1089 1320 1183 1377 διὰ
1239 1325 1405 1378 τοῦτο
1460 1319 1494 1392 ἡ
1550 1375 1582 1418 θ
1651 1352 1701 1393 1⁷

238 1408 350 1467 ἀπὸ
384 1413 486 1466 τοῦ
511 1418 565 1465 Α
589 1408 836 1482 ἀγομένη
864 1410 1160 1481 διάμετρος
1189 1414 1286 1482 τῆς
1312 1411 1498 1481 ἑτέρας

151 1512 206 1553 15
237 1502 351 1555 τῶν
381 1502 569 1570 τομῶν
604 1499 897 1571 διάμετρος
935 1503 1086 1554 ἔσται
1125 1499 1216 1554 καὶ
1248 1509 1347 1570 τῆς
1385 1506 1596 1572 λοιπῆς.
1666 1504 1793 1573 δίχα
1832 1499 1941 1573 ἄρα

236 1588 423 1660 τέμνει
461 1586 599 1643 κατὰ
637 1589 699 1643 τὸ
734 1594 779 1642 Ζ
818 1590 921 1659 τήν
960 1610 1018 1643 τε
1053 1593 1154 1643 ΓΔ
1191 1589 1285 1643 καὶ
1318 1587 1420 1659 τὴν
1454 1594 1589 1643 ΕΓ·
1630 1587 1766 1662 ὅπερ
1806 1587 1940 1645 ἀδύ-

235 1697 423 1731 νατον.

798 1749 1041 1816 ’Ἀλλως
1079 1748 1148 1805 τὸ
1191 1750 1365 1807 αὐτό.

333 1844 627 1901 ’Έστωσαν
674 1848 736 1901 αὖ
779 1852 1026 1915 ΕΑΒΓ,
1076 1850 1316 1901 ΔΑΒΓ
1352 1850 1538 1918 τομαί,
1586 1845 1660 1911 ῶς
1707 1853 1938 1918 εἴρηται,

147 1945 206 1989 20
237 1935 331 1989 καὶ
378 1933 635 2005 εἰλήφθω
684 1935 773 1989 ἐπὶ
818 1938 920 1990 τοῦ
969 1939 1141 1988 ΑΒΓ
1176 1937 1375 1990 κοινοῦ
1426 1934 1703 2006 τμήματος
1749 1934 1937 1991 αὐτῶν

238 2021 471 2095 σημεῖόν
518 2045 571 2079 τι
618 2021 681 2078 τὸ
721 2029 795 2093 Β,
842 2023 933 2078 καὶ
981 2024 1288 2094 ἐπεζεύχθω
1335 2020 1368 2094 ἡ
1413 2029 1521 2078 ΑΒ
1559 2023 1651 2078 καὶ
1693 2026 1820 2095 δίχα
1858 2045 1936 2079 τε-

235 2110 469 2181 τμήσθω
508 2110 646 2167 κατὰ
686 2110 749 2167 τό
784 2117 847 2182 Ζ,
886 2111 979 2166 καὶ
1019 2110 1113 2166 διὰ
1152 2115 1253 2167 τοῦ
1288 2118 1333 2166 Ζ
1373 2110 1667 2184 διάμετρος
1702 2110 1861 2182 ἤχθω
1902 2109 1937 2182 ἡ

236 2205 434 2270 ΗΖΘ,
482 2200 571 2254 καὶ
623 2199 717 2254 διὰ
762 2208 864 2255 τοῦ
903 2205 956 2254 Γ
994 2199 1143 2272 παρὰ
1189 2201 1291 2271 τὴν
1331 2205 1439 2254 ΑΒ
1479 2199 1638 2271 ἤχθω
1678 2198 1712 2271 ἡ
1754 2205 1937 2256 ΓΔΕ.

352 2289 466 2343 ἐπεὶ
519 2281 622 2344 οὖν
672 2287 967 2359 διάμετρός
1013 2290 1162 2343 ἐστιν
1209 2286 1243 2358 ἡ
1295 2294 1396 2343 ΖΘ
1439 2287 1531 2343 καὶ
1579 2291 1707 2360 δίχα
1751 2289 1938 2360 τέμνει

149 2389 207 2430 25
237 2375 343 2446 τὴν
381 2383 517 2445 ΑΒ,
565 2377 908 2447 τεταγμένως
953 2374 1061 2446 ἄρα
1107 2379 1370 2446 κατῆκται
1417 2373 1451 2446 ἡ
1491 2382 1616 2431 ΑΒ.
1692 2381 1790 2432 καί
1823 2379 1937 2433 ἐστι

358 2494 460 2550 Fig.
495 2508 584 2539 om.
617 2494 730 2550 Wp.

363 2602 399 2641 1.
442 2593 715 2654 ἀνάγνωθι]
749 2611 802 2652 Ρ,
843 2593 1124 2652 ἄνᾶγνωθει
1155 2598 1228 2641 W.
1382 2597 1475 2654 σοι]
1508 2596 1558 2640 in
1588 2609 1676 2641 ras.
1709 2611 1768 2640 m.
1805 2601 1827 2639 1
1862 2595 1935 2642 W.

300 2661 341 2700 2.
375 2654 589 2712 γένηται]
621 2671 667 2712 Ρ,
700 2655 911 2711 γένοιται
942 2656 1014 2701 W.
1140 2661 1179 2700 6.
1215 2656 1426 2713 ΕΑΒΓ]
1459 2659 1500 2699 Ε
1530 2655 1689 2700 insert.
1721 2670 1782 2699 m.
1810 2659 1834 2698 1
1860 2654 1935 2702 W.

299 2715 511 2772 ΔΑΒΓ]
547 2730 635 2759 om.
670 2714 793 2771 Wp,
835 2729 950 2759 corr.
983 2714 1153 2770 Halley
1185 2729 1290 2759 cum
1322 2713 1494 2758 Comm.
1634 2719 1672 2759 7.
1706 2714 1792 2757 καί
1807 2716 1890 2770 (pr.
1895 2714 1934 2772 )]

249 2776 394 2848 ἔστωσ
417 2805 502 2846 καί
525 2805 584 2847 W
610 2805 805 2860 (puncta.
828 2802 935 2848 add.
960 2818 1021 2847 m.
1046 2816 1152 2857 ree„
1190 2803 1225 2830 “
1263 2816 1291 2846 a
1322 2818 1381 2847 m.
1414 2809 1433 2846 1
1461 2804 1603 2858 sunt),
1638 2782 1752 2846 ἔστω
1783 2802 1870 2846 καί
1887 2816 1933 2867 p

239 2866 325 2921 καὶ
353 2893 407 2921 w.
549 2883 616 2922 19.
650 2874 810 2935 τομαί]
845 2891 935 2921 om.
969 2892 1014 2932 p.
1145 2881 1215 2920 23.
1249 2877 1372 2919 Ante
1406 2877 1552 2920 ΗΖΘ
1583 2875 1675 2920 del.
1709 2877 1854 2920 ΗΘΖ
1887 2889 1932 2930 p.

302 2940 373 2980 24.
407 2936 514 2992 καί]
549 2936 770 2992 om.Wp,
805 2950 918 2981 corr.
945 2935 1137 2991 Halley,
1168 2949 1283 2992 quae
1316 2933 1490 2980 Comm.
1613 2940 1683 2980 25.
1710 2930 1834 2979 ἐστιν
1859 2934 1932 2980 W.
