2046 3256
0 149 18 182 f
425 182 672 226 EUTOCII
705 182 1141 225 COMMENTARIA
1170 183 1235 226 IN
1267 182 1504 226 CONICA.
1689 179 1794 232 237

0 264 9 415 ι
705 331 800 383 Ad
839 348 1012 399 prop.
1043 329 1211 385 XXV.

0 416 9 511 ξ
224 435 290 488 In
322 435 640 504 quibusdam
674 434 946 488 codicibus
979 434 1111 487 haec
1145 451 1356 504 quoque
1387 434 1558 487 fertur
1582 434 1797 487 demon-

0 509 14 558 ἶ
118 525 331 577 stratio:
467 584 471 588 ⁵

0 590 20 673 ξ
228 620 470 666 sumatur
509 613 566 665 in
607 612 844 665 sectione
884 614 1144 680 punctum
1185 611 1402 680 aliquod
1442 614 1511 680 Θ,
1556 611 1801 665 ducatur-

118 721 219 772 que
281 705 403 772 ΖΘ;
465 706 565 754 ΖΘ
626 701 795 771 igitur
857 699 1120 769 producta
1181 717 1301 752 cum
1360 703 1416 750 A
1427 702 1477 751 Γ
1533 700 1805 754 concurrit

7 772 20 806 ἶ
1137 789 1310 857 [prop.
1351 786 1585 856 XXIII];
1638 805 1802 857 quare

1136 877 1299 928 etiam
1365 879 1490 929 ZE.
1618 894 1803 929 rursus

1134 967 1394 1034 punctum
1428 967 1684 1032 sumatur,
1717 963 1805 1016 du-

1057 1109 1071 1124 ,
1137 1055 1395 1121 caturque
1435 1055 1545 1105 KZ
1591 1055 1644 1105 et
1687 1070 1806 1122 pro·

1139 1142 1384 1210 ducatur3
1411 1143 1692 1194 concurret
1708 1141 1805 1211 igi-

1137 1233 1227 1282 tur
1253 1248 1372 1283 cum
1398 1233 1509 1281 BA
1532 1229 1805 1298 producta.

1140 1336 1302 1386 quare
1343 1318 1506 1370 etiam
1548 1320 1672 1370 ZH.

700 1510 793 1562 Ad
832 1527 1007 1578 prop.
1038 1507 1235 1561 XXVI.

233 1614 382 1668 Haec
431 1614 732 1683 propositio
782 1613 1084 1681 complures
1131 1611 1297 1664 habet
1344 1629 1520 1681 casus,
1572 1612 1807 1681 primum

125 1704 267 1773 quod
312 1706 415 1755 EZ
473 1705 564 1755 aut
620 1702 685 1754 ad
732 1704 915 1771 partes
965 1718 1228 1753 conuexas
1278 1700 1531 1753 sectionis
1580 1701 1807 1754 sumitur

126 1793 264 1845 sicut
308 1791 397 1844 hic
444 1795 538 1843 aut
586 1790 653 1843 ad
700 1807 985 1859 concauaS‚
1033 1789 1224 1841 deinde
1273 1789 1414 1857 quod
1459 1791 1606 1842 recta
1654 1789 1720 1840 ab
1760 1792 1812 1840 E

127 1881 370 1933 ordinate
418 1880 575 1932 ducta
620 1879 767 1931 intus
816 1878 1030 1947 quidem
1074 1878 1436 1931 indifferenter
1474 1878 1529 1930 in
1569 1896 1676 1931 uno
1718 1878 1809 1930 ali-

128 1987 232 2037 quo
273 1970 471 2037 puncto
513 1985 635 2021 cum
677 1967 937 2019 diametro
978 1966 1264 2036 concurrit,
1305 1985 1439 2035 quae
1470 1966 1682 2019 infinita
1713 1969 1809 2033 est,

125 2059 277 2108 extra
315 2074 444 2108 uero
484 2057 683 2124 posita,
723 2056 954 2108 maxime
993 2055 1047 2106 in
1086 2055 1398 2124 hyperbola,
1439 2056 1532 2106 aut
1572 2057 1723 2107 extra
1764 2057 1809 2105 Β

129 2147 221 2197 aut
258 2145 314 2196 in
353 2144 469 2212 ipso
510 2147 557 2195 Β
598 2146 691 2196 aut
729 2143 872 2195 inter
910 2148 985 2212 A,
1024 2146 1070 2195 Β
1111 2143 1297 2195 cadere
1335 2145 1531 2211 potest.

691 2317 782 2371 Ad
822 2336 998 2387 prop.
1029 2316 1254 2370 XXVII.

240 2422 305 2474 In
354 2422 677 2491 quibusdam
725 2421 997 2474 codicibus
1036 2421 1169 2473 haec
1208 2420 1378 2474 fertur
1419 2420 1809 2474 demonstratio

129 2510 517 2579 propositionis
556 2509 792 2563 XXVII:

244 2599 315 2650 sit
367 2598 646 2667 parabola,
701 2598 848 2650 cuius
904 2597 1197 2651 diametrus
1254 2598 1324 2650 sit
1378 2601 1509 2665 AB,
1566 2598 1809 2664 secetque

132 2704 249 2738 eam
300 2688 448 2738 recta
497 2685 679 2754 aliqua
718 2689 839 2737 HA
884 2686 1027 2737 intra
1075 2687 1366 2739 sectionem
1405 2685 1598 2752 posita.
1678 2683 1811 2750 dieo,

136 2840 206 2887 Εὖ
211 2859 311 2887 τοκι
306 2845 368 2887 ὀυ
400 2859 444 2900 p.
580 2844 674 2916 κζ’]
709 2845 788 2915 κ,β
817 2846 843 2903 β
874 2846 987 2888 mut.
1020 2844 1068 2888 in
1103 2861 1122 2889 ε
1156 2845 1342 2901 (euan.),
1374 2842 1454 2896 W;
1490 2855 1602 2886 corr.
1637 2842 1811 2886 Comm

195 2906 264 2945 20.
298 2900 513 2960 φέρεται]
547 2902 688 2959 φέρετ
666 2919 741 2946 τια
766 2899 793 2958 ἡ
822 2918 865 2959 p,
900 2919 950 2959 ερ
976 2917 1108 2948 euan.
1202 2908 1270 2947 22.
1305 2901 1574 2959 παραβολῆς
1598 2916 1642 2957 p.
1735 2893 1810 2958 ἧς]

135 2973 223 3004 om.
256 2976 299 3017 p.
