2020 3236
443 160 692 203 Eurocn
725 159 1161 203 COMMENTARIA
1190 159 1256 202 IN
1288 159 1523 202 coch.
1709 155 1814 207 277

133 281 387 334 dicularis
428 280 652 333 ducatur
683 283 797 332 EA
808 282 867 348 Z,
908 282 962 332 et
997 279 1095 331 fiat
1125 281 1237 331 EA
1263 297 1274 329 τ
1306 280 1360 328 A
1371 280 1416 328 Z
1443 303 1512 320 =
1539 280 1645 328 AB
1672 296 1683 329 :
1709 277 1817 343 ΒΓ,

133 371 443 438 seceturque
487 372 591 420 EZ
638 368 696 420 in
744 368 875 421 duas
923 370 1105 436 partes
1152 367 1421 436 aequales;
1470 365 1819 418 manifestum

129 457 318 527 igiizur,
359 458 405 510 si
443 460 552 510 AB
578 482 647 499 =
674 458 783 509 ΒΓ
816 458 869 508 et
907 460 1021 508 EA
1048 453 1116 498 ε’
1144 459 1269 525 AZ,
1306 457 1566 524 punctum
1607 458 1662 506 A
1702 471 1818 506 esse

133 546 367 598 medium
426 548 605 599 rectae
665 548 790 614 ΕΖ,
854 545 935 597 sin
987 546 1313 603 ΑΒ>ΒΓ
1369 547 1422 595 et
1474 545 1819 608 EA>AZ‚

131 638 393 702 punctum
424 634 657 687 medium
689 633 830 685 infra
858 634 913 682 A
943 632 1181 703 posissum
1215 650 1343 702 esse,
1378 631 1464 685 sin
1486 635 1540 682 A
1550 635 1595 683 Β
1622 639 1678 692 <
1703 632 1820 697 ΒΓ,

133 740 295 791 supra
334 726 402 775 A.
1013 789 1015 791 ι

241 829 383 863 nunc
424 813 604 863 aussem
644 810 786 862 infra
826 810 898 862 sit
936 809 1178 879 positum
1220 812 1282 862 uia
1320 813 1399 877 H,
1447 811 1501 860 et
1539 811 1722 861 centro
1762 809 1827 859 H

132 898 284 952 radio
342 901 408 950 Η
410 902 454 951 Ζ
518 898 748 952 circulus
812 897 1170 967 describatur3
1231 898 1278 950 is
1341 898 1510 968 igifiur
1570 899 1664 949 aut
1725 914 1821 964 per

133 989 337 1054 puncta
368 990 435 1055 A,
458 989 506 1038 Β
544 985 728 1039 ueniet
760 989 855 1039 aut
885 987 1033 1039 intra
1066 1004 1128 1039 ea
1161 988 1256 1038 aut
1287 988 1452 1038 exbra.
1506 986 1616 1038 iam
1649 985 1694 1037 si
1725 1002 1821 1053 per

131 1077 334 1142 puncta
373 1078 447 1144 A,
494 1077 541 1126 Β
580 1075 809 1139 uenerit,
850 1075 1095 1127 effectum
1137 1074 1260 1144 erit,
1301 1074 1443 1143 quod
1481 1073 1820 1143 propositum

134 1164 238 1231 θεὲ,
293 1161 452 1215 cadat
505 1180 633 1215 uero
689 1165 838 1215 extra
893 1166 965 1230 A,
1020 1165 1091 1231 Β,
1145 1164 1198 1214 et
1251 1165 1359 1214 AB
1416 1161 1483 1214 ad
1535 1165 1820 1231 utramque

130 1252 340 1319 partem
401 1249 666 1318 producta
727 1269 847 1303 cum
911 1250 1119 1303 ambitu
1174 1251 1230 1302 in
1284 1254 1352 1319 Θ,
1414 1253 1472 1302 Κ
1523 1254 1821 1318 concurrat,
1870 1291 1874 1296 .
1941 1251 1945 1256 '

132 1338 499 1407 ducanturque
541 1341 664 1403 ΖΘ,
705 1342 830 1408 ΘΕ,
871 1341 998 1407 ΕΚ,
1036 1341 1160 1406 ΚΖ,
1199 1356 1297 1406 per
1336 1341 1382 1390 Β
1425 1341 1604 1391 autem
1642 1341 1820 1391 rectae

136 1428 248 1478 ZK
273 1427 537 1495 parallela
570 1427 795 1479 ducatur
825 1429 964 1495 ΜΒ,
995 1429 1172 1479 rectae
1200 1428 1316 1478 ΚΕ
1344 1429 1523 1479 autem
1557 1426 1822 1494 parallela

130 1517 253 1584 BA,
294 1514 662 1584 ducanturque
693 1517 835 1583 MA,
876 1518 1010 1583 ΑΛ,
1051 1532 1143 1566 eae
1184 1515 1352 1584 igitur
1391 1517 1445 1566 et
1476 1515 1627 1584 ipsae
1659 1514 1819 1566 rectis

138 1605 253 1671 ΖΘ,
288 1605 396 1654 ΘΕ
422 1603 718 1672 parallelae
744 1605 917 1671 erunt,
948 1603 1074 1671 quia
1097 1605 1215 1655 AA
1233 1627 1300 1644 =
1320 1606 1446 1670 AB,
1480 1605 1590 1654 ΛΘ
1607 1627 1675 1644 =
1696 1605 1821 1670 AK,

134 1693 188 1742 et
248 1694 421 1742 ΖΔΕ
478 1692 544 1743 ad
608 1695 720 1744 ΘΚ
778 1690 1240 1760 perpendicularis
1303 1690 1477 1757 [Eucl.
1516 1690 1557 1759 I,
1595 1691 1669 1755 4].
1766 1694 1821 1742 eb

131 1778 384 1847 quoniam
440 1778 669 1847 angulus
725 1778 793 1829 ad
838 1780 896 1829 K
943 1778 1152 1846 positus
1200 1781 1377 1831 rectus
1424 1785 1525 1847 est,
1581 1782 1635 1830 et
1682 1780 1819 1847 ΜΒ,

130 1869 241 1918 ΒΛ
278 1867 438 1919 recizis
475 1869 598 1934 ZK,
637 1869 753 1918 KE
787 1866 1096 1936 parallelae,
1135 1868 1237 1919 erit
1275 1867 1439 1920 etiam
1479 1867 1709 1936 angulus
1751 1867 1816 1918 acl

131 1957 178 2006 B
224 1955 434 2023 posiizus
480 1957 684 2023 rectus3
730 1955 914 2007 eadem
962 1955 1025 2007 de
1074 1972 1236 2008 causa
1276 1956 1438 2008 etiam
1479 1955 1707 2025 angulus
1749 1955 1816 2007 ad

131 2046 185 2094 A
237 2043 446 2111 positus
507 2045 685 2095 rectus
742 2046 837 2096 est.
931 2061 1096 2112 quare
1151 2043 1378 2096 circulus
1435 2044 1635 2096 circum
1691 2046 1815 2096 MA

132 2129 430 2198 descriptus
462 2148 558 2199 per
588 2135 654 2198 A,
686 2134 732 2182 Β
764 2131 947 2183 ueniet
979 2130 1153 2196 [Eucl.
1177 2130 1274 2197 ΠΙ,
1300 2132 1411 2197 31].
1482 2131 1816 2183 describatur

131 2221 193 2270 ut
242 2220 498 2271 MAAB.
582 2220 637 2270 et
683 2218 936 2286 quoniam
983 2221 1126 2285 ΜΒ,
1182 2221 1294 2269 ΖΚ
1336 2219 1628 2286 parallelae
1677 2222 1818 2286 sunt,

133 2305 234 2357 erit
266 2305 438 2371 [Eucl.
462 2305 554 2375 VI,
586 2307 644 2371 4]
687 2309 797 2357 ZA
822 2324 832 2356 :
860 2307 994 2357 AM
1014 2331 1083 2348 =
1108 2309 1227 2357 KA
1252 2326 1264 2359 ε
1290 2310 1415 2359 AB.
1483 2307 1593 2359 iam
1630 2306 1815 2359 eodem

132 2393 293 2446 modo
349 2394 451 2445 erit
503 2397 624 2446 KA
647 2412 658 2445 :
684 2396 793 2444 AB
820 2417 889 2435 =
917 2396 1029 2444 EA
1053 2412 1065 2445 :
1091 2390 1268 2464 AA.¹)
1354 2398 1407 2447 eb
1460 2395 1814 2462 permussando

132 2474 1250 2534 EAtAZ=AAzAM=AB:BF.

254 2639 298 2695 1)
328 2639 441 2683 Post
465 2642 507 2682 A
516 2643 557 2683 Λ
580 2640 658 2684 lin.
687 2644 741 2684 25
772 2639 997 2684 excidisse
1021 2640 1241 2684 uidentur
1263 2641 1379 2685 haec
1403 2640 1520 2685 fere:
1557 2637 1680 2683 ἔστιν
1704 2637 1813 2697 ἄρα,

133 2693 195 2747 ὡς
225 2692 254 2753 ἡ
289 2700 372 2740 ZA
403 2695 520 2753 πρὸς
550 2702 666 2754 AM,
700 2695 728 2753 ἡ
763 2702 855 2742 EA
886 2697 1003 2753 πρὸς
1036 2703 1138 2743 ΔΛ.

134 2871 250 2928 Ἤρ,
284 2885 397 2918 corr.
432 2873 605 2917 Comm.
757 2878 827 2918 23.
859 2876 1070 2933 MAAB]
1104 2878 1294 2919 MAAB
1326 2875 1448 2929 Wp,
1490 2888 1602 2920 corr.
1637 2875 1810 2920 Comm.

194 2935 264 2976 25.
297 2933 404 2990 AB]
440 2936 475 2975 B
509 2945 533 2976 e
566 2946 681 2976 corr.
714 2946 775 2976 m.
811 2939 832 2976 1
866 2931 939 2978 W.
1054 2934 1163 2992 AA]
1197 2938 1281 2992 ΑΛ
1316 2931 1425 2989 Ἤρ,
1458 2947 1572 2977 corr.
1605 2934 1781 2980 Comm.
