2046 3224
238 161 481 208 XXXVIII
861 161 1327 206 PROLEGOMENA.

359 298 404 339 p.
440 285 547 337 172,
592 286 618 325 3
660 276 874 339 εὐθεῖαι]
915 278 1007 326 δύο
1047 275 1241 325 εὐθεῖαι
1343 279 1449 338 ΑΒ]
1490 283 1573 324 BA
1682 283 1712 324 4
1749 278 1805 338 τῇ
1844 275 1939 324 ὑπὸ

239 348 355 407 τῶν]
394 344 424 405 ἡ
465 344 560 392 ὑπό
656 352 712 391 14
743 347 854 407 ΛΔ]
896 352 990 392 ΔΛ
1081 351 1135 392 16
1175 348 1235 406 Δ]
1276 352 1316 392 Α
1354 347 1407 405 τῇ
1442 350 1531 391 ΚΖ
1619 345 1676 405 τῇ
1708 346 1815 406 ΚΖ]
1849 360 1940 393 om.

299 419 356 460 22
398 414 593 472 ἔχουσαι
629 410 783 471 πλάτη
881 419 938 460 26
973 414 1130 472 ΖΔΘ]
1170 414 1265 458 τῶν
1303 417 1391 458 ΖΔ
1429 415 1506 472 (ex
1543 414 1648 471 ΖΘ)
1687 414 1784 458 ΔΘ
1882 418 1938 459 27

239 483 328 527 καί
354 508 410 514 —-
441 497 487 540 p.
522 486 624 537 174,
656 487 682 526 3
717 482 821 541 ΓΑ]
854 495 944 527 ras.
980 485 1035 526 15
1067 480 1176 537 litt„
1207 481 1376 539 postea
1406 479 1513 525 add.
1546 495 1640 538 mg.

359 564 402 607 p.
439 553 603 605 174,1
653 549 757 607 ΓΑ]
799 552 892 594 ΑΓ
987 554 1015 593 4
1056 544 1130 608 ἐκ]
1174 545 1227 593 ἔκ
1266 564 1315 593 τε
1415 553 1442 592 5
1487 543 1560 606 ἐκ]
1593 561 1684 593 om.
1787 552 1840 592 11
1885 542 1941 593 ὃν

241 612 339 672 ἔχει
376 615 430 674 η]
462 616 547 672 τῆς
648 612 701 674 ἡ]
734 616 818 661 τοῦ
858 616 940 672 τῆς
1042 620 1097 659 16
1130 611 1319 673 -ρήσθω
1353 641 1409 647 —-
1446 619 1500 660 18
1531 610 1650 672 πρὸς
1690 614 1802 674 ΗΑ]
1834 628 1941 671 ras„

240 683 407 739 posssea.
437 682 545 728 add.
579 698 672 740 mg.
760 687 816 728 18
847 678 877 739 ἡ
912 685 997 728 ΟΛ
1023 679 1159 740 πρός]
1185 679 1214 738 ἡ
1242 684 1328 727 ΘΑ
1353 678 1470 739 πρός
1493 681 1581 727 ins.
1605 680 1657 725 in
1679 694 1771 727 ras.
1856 677 1940 741 ὥς]

238 748 320 793 καὶ
353 747 416 801 ὡς
509 754 562 794 19
596 750 704 808 ΑΘ]
739 755 774 794 Α
806 763 831 795 e
863 762 980 795 corr.
1074 749 1180 809 ΟΛ]
1219 751 1303 794 ΘΑ

357 831 404 874 p.
441 820 549 873 176,
594 822 620 861 8
660 817 765 876 ΑΒ]
800 821 882 861 BA
983 822 1036 861 21
1078 813 1131 876 ἡ]
1163 813 1299 874 ἤχθω
1339 812 1369 873 ἡ
1471 821 1527 860 22
1560 815 1663 874 ΑΒ]
1701 818 1783 859 ΒΑ
1882 819 1938 860 23

237 883 343 942 ΑΒ]
371 887 452 927 ΒΑ
538 887 594 928 25
620 884 722 943 ΑΖ]
749 888 828 928 ΖΑ
915 888 971 928 26
997 884 1098 942 ΖΑ]
1127 887 1205 928 ΖΑ
1233 880 1544 942 ἐκβληθείσης
1627 886 1685 927 28
1713 883 1827 942 ΗΛ]
1850 886 1942 928 ΚΔ

357 965 405 1007 p.
440 955 548 1008 178,
594 956 616 995 1
657 951 767 1010 ΑΛ]
807 954 893 994 ΑΖ
1007 955 1033 995 2
1075 951 1234 1010 ΔΖΒ]
1275 953 1409 995 ΔΒΖ
1523 954 1550 994 8
1585 952 1739 1006 ΖΔΑ,
1787 952 1938 1007 ΖΑΔ]

239 1020 395 1074 ΖΑΔ,
427 1021 563 1062 ΑΔΖ
654 1023 682 1062 4
713 1019 768 1078 τῇ
801 1016 918 1077 ὑπό]
951 1018 1045 1073 bis,
1086 1018 1180 1063 sed.
1215 1032 1331 1063 corr.
1426 1021 1482 1061 10
1513 1018 1600 1062 καί
1627 1042 1683 1050 -
1715 1017 1813 1076 ἴση]
1847 1031 1938 1062 om.

242 1088 296 1128 12
347 1085 510 1143 ΘΗΖ]
554 1087 696 1130 ΖΗΘ
814 1090 868 1129 13
909 1082 967 1142 δὴ
1018 1082 1063 1144 ὁ]
1108 1099 1133 1129 e
1182 1098 1298 1130 corr.
1417 1087 1470 1129 15
1515 1085 1676 1144 ΘΗΖ]
1717 1081 1799 1129 διὰ
1845 1085 1940 1130 τῶν

241 1151 297 1208 Θ,
324 1154 383 1206 Η,
409 1154 444 1195 Ζ
537 1156 592 1197 17
622 1153 783 1211 ΗΘΖ]
812 1156 871 1209 Η,
897 1156 945 1209 Ζ,
973 1153 1013 1197 Θ
1101 1157 1154 1198 18
1180 1152 1344 1209 ΗΘΖ]
1373 1155 1430 1209 Η,
1457 1155 1504 1208 Ζ,
1534 1153 1575 1196 Θ
1660 1155 1715 1196 19
1739 1147 1768 1208 ἡ
1795 1151 1939 1211 (818)]

237 1217 321 1261 καὶ
351 1214 380 1275 ἡ

357 1300 402 1341 p.
438 1289 547 1342 180,
588 1291 642 1331 10
674 1286 792 1345 ΛΗ]
825 1290 921 1331 ΛΚ
1010 1290 1064 1330 12
1102 1286 1270 1345 ΗΛΘ]
1303 1286 1396 1330 τῶν
1427 1289 1540 1343 ΚΛ,
1580 1287 1673 1331 ΛΘ
1707 1286 1796 1330 καί
1884 1289 1939 1330 13

239 1352 409 1411 ΗΛΘ]
450 1352 545 1396 τῶν
584 1356 699 1410 ΚΛ,
738 1355 831 1398 ΛΘ
932 1357 988 1397 14
1020 1349 1083 1404 ὥς
1115 1378 1170 1386 -
1207 1357 1261 1397 15
1299 1349 1598 1412 θεωρήματι]
1631 1367 1725 1410 mg.
1820 1357 1875 1397 17
1907 1349 1937 1410 ἡ

239 1422 323 1462 ΑΒ
357 1415 589 1478 ἐλάσσων]
624 1416 834 1464 ἐλάσσων
867 1416 895 1477 ἡ
931 1424 1013 1464 ΒΑ
1099 1423 1155 1464 22
1189 1417 1263 1478 τὸ]
1296 1420 1359 1479 τῷ
1446 1415 1562 1464 ὥστε
1597 1445 1653 1452 -
1685 1416 1787 1477 τήν]
1823 1418 1938 1464 ἔστω

240 1482 294 1530 δὲ
328 1484 410 1530 καὶ
443 1487 518 1542 ἴση
550 1482 580 1542 ἡ
675 1491 732 1531 24
765 1484 849 1545 ὡς]
880 1487 927 1530 in
959 1500 1048 1532 ras.
1140 1488 1256 1545 ΑΓ]
1293 1489 1377 1530 ΓΑ
1468 1491 1524 1531 27
1559 1487 1667 1545 ΔΖ]
1702 1489 1790 1531 ΖΔ

360 1567 405 1610 p.
439 1556 539 1608 182,
575 1558 597 1596 1
632 1555 743 1610 post
772 1558 860 1597 AA
894 1553 982 1599 del.
1024 1554 1087 1614 τῷ
1127 1551 1180 1598 δὲ
1222 1550 1317 1598 ἀπὸ
1350 1553 1432 1609 τῆς
1464 1557 1551 1597 ΖΛ
1642 1558 1668 1598 3
1702 1554 1810 1613 ΔΑ]
1843 1557 1880 1598 Α
1913 1567 1938 1599 e

238 1632 354 1664 corr.
454 1618 530 1678 τό]
571 1620 633 1678 τῷ
731 1621 815 1680 τῷ]
857 1620 909 1664 τό
1002 1625 1031 1664 4
1057 1620 1212 1678 ΕΔΖ]
1248 1620 1341 1664 τῶν
1382 1623 1491 1677 ΖΔ,
1533 1623 1626 1665 ΔΕ
1715 1621 1825 1679 ΑΔ]
1859 1623 1941 1678 τῆς

237 1689 348 1743 ΔΑ,
380 1689 417 1729 Α
450 1699 476 1731 e
509 1699 624 1731 corr.
727 1692 753 1731 6
786 1687 887 1745 τῆς]
922 1700 946 1731 e
980 1701 1096 1732 corr.
1199 1692 1224 1731 9
1259 1687 1368 1746 ΔΑ]
1402 1692 1438 1730 Α
1471 1701 1496 1732 e
1529 1700 1645 1733 corr.
1740 1692 1795 1732 10
1827 1688 1936 1746 ΔΒ]

237 1767 263 1798 e
297 1766 413 1798 corr.
501 1757 555 1797 12
588 1748 684 1797 ἀπὸ
720 1757 807 1797 ΖΔ
831 1779 887 1786 -
917 1759 971 1798 14
1003 1750 1121 1813 ἀπό]
1154 1769 1247 1811 mg.
1340 1758 1395 1797 14
1429 1753 1535 1812 AZ]
1571 1757 1657 1798 ZA
1740 1759 1797 1798 22
1829 1751 1937 1813 τήν]

239 1832 329 1865 om.
422 1824 477 1864 23
514 1817 933 1880 ἐκβεβλήσθωσαν]
976 1818 1372 1880 ἐκβεβλήσθωσαν
1407 1816 1436 1876 ἡ
1471 1818 1558 1878 μὲν
1589 1824 1672 1864 ΑΖ
1705 1816 1783 1865 ἐπὶ
1815 1817 1867 1866 τὸ
1899 1825 1940 1866 Λ

237 1882 267 1942 ἡ
301 1884 355 1931 δὲ
389 1889 477 1930 ΕΖ
509 1884 588 1931 ε’πὶ
619 1886 671 1933 τὸ
707 1892 749 1932 Δ

357 1968 403 2010 p.
431 1957 531 2009 184,
557 1957 584 1997 5
608 1955 693 2015 τῷ]
713 1952 765 1999 τό
844 1955 997 2014 ΘΖΛ]
1019 1955 1112 1999 τῶν
1139 1956 1240 2011 ΘΛ,
1262 1957 1344 1999 ΖΛ
1422 1958 1477 1999 10
1501 1950 1598 1999 ἀλλ’
1619 1958 1747 1998 —14
1771 1955 1936 2014 ΑΗΕ]
2017 1947 2019 1950 ’

236 2018 325 2077 bis,
358 2019 441 2064 sed
473 2033 588 2067 corr.
685 2027 736 2065 11
774 2018 848 2080 ἐκ]
883 2019 935 2067 ἔκ
967 2038 1017 2066 τε
1102 2026 1158 2066 25
1193 2016 1423 2079 εὐθειῶν]
1458 2016 1670 2066 εὐθειῶν
1700 2036 1936 2079 πεπερασ-

238 2084 393 2144 μένων
486 2087 881 2147 πεπερασμένων]
914 2085 1148 2146 κειμένων
1239 2092 1296 2133 27
1322 2088 1539 2145 κορυφαί

358 2169 404 2211 p.
432 2157 531 2211 186,
557 2159 585 2198 4
617 2151 829 2214 εὐθεῖαι]
857 2151 1051 2199 εὐθεῖαι
1072 2152 1430 2212 πεπερασμέναι
1513 2158 1540 2199 5
1565 2153 1938 2213 πεπερασμέναι]

239 2234 329 2265 om.
433 2225 489 2265 10
527 2218 790 2281 ὑπερβολή]
830 2218 1069 2281 ὑπερβολὴ
1108 2218 1137 2279 ἡ
1177 2225 1316 2265 ΑΒΓ
1410 2221 1519 2281 ΒΕ]
1553 2223 1640 2265 ΕΒ
1741 2227 1794 2266 11
1830 2222 1937 2281 ΘΒ]

239 2288 328 2331 ΒΘ
444 2292 498 2331 12
541 2289 649 2347 ΒΕ]
691 2291 777 2333 ΕΒ
895 2294 949 2333 13
991 2290 1079 2333 καί
1107 2315 1160 2321 -
1195 2288 1356 2347 ΑΒΓ]
1398 2302 1488 2333 om.
1606 2293 1660 2333 16
1700 2287 1808 2347 μέν]
1851 2287 1939 2347 μὲν

237 2355 416 2409 πλαγία
509 2359 563 2398 19
606 2352 688 2412 δή]
720 2353 775 2400 δέ
867 2360 918 2412 Β,
945 2355 1004 2413 Ε]
1038 2358 1193 2411 ΑΒΓ,
1233 2357 1371 2398 ΔΕΖ
1462 2351 1793 2412 ἄντικείμεναί
1819 2354 1937 2400 εἰσιν

299 2424 355 2463 20
389 2418 459 2478 αἱ]
492 2435 582 2466 om.

358 2501 403 2543 p.
439 2490 546 2543 188,
590 2491 644 2531 10
683 2488 799 2546 ΛΓ]
834 2491 927 2531 ΑΓ
1024 2489 1126 2547 ΓΑ]
1164 2491 1251 2532 ΓΛ
1351 2492 1406 2531 14
1448 2487 1555 2545 ΓΑ]
1589 2491 1684 2533 ΓΚ
1719 2484 1938 2547 ἐκβαλλο-

241 2551 389 2610 μένην
473 2554 528 2611 τῇ
562 2554 690 2612 (pr.)]
717 2568 807 2598 om.
902 2559 956 2598 17
990 2553 1260 2612 κατηγμένη
1349 2558 1402 2597 18
1437 2554 1548 2612 ΔΕ]
1573 2555 1666 2598 τῶν
1705 2557 1797 2599 ΕΔ
1883 2559 1937 2600 19

241 2620 348 2679 ΔΖ]
383 2623 470 2664 ΖΔ
562 2624 619 2664 24
654 2622 746 2663 ΔΕ
780 2617 1129 2679 ἐπιβαλλομένην
1221 2624 1277 2664 25
1310 2620 1475 2678 ΞΕΟ]
1511 2622 1658 2670 ΟΕΞ
1685 2621 1840 2678 τομῶν

359 2702 405 2744 p.
442 2692 539 2741 190,
573 2692 598 2731 3
633 2682 749 2743 ὅπερ
782 2712 841 2718 -
872 2688 1084 2747 ποιῆσαι]
1118 2702 1207 2733 om.
1292 2692 1321 2730 4
1353 2681 1497 2731 αὗται
1529 2685 1607 2746 αἴ]
1641 2684 1697 2732 αἰ
1722 2687 1938 2732 τοιαῦται

293 2752 347 2797 In
379 2754 492 2798 fine:
525 2754 657 2804 τέλος
688 2753 771 2798 τοῦ
806 2755 837 2798 ἆ
868 2754 963 2798 τῶν
994 2758 1091 2809 τοῦ,
1106 2750 1412 2799 Ἀπολλωνίου
1446 2754 1659 2798 κωνικῶν

359 2835 405 2877 p.
440 2824 539 2875 192,
569 2824 591 2864 1
625 2819 852 2878 δεύτερον
939 2826 989 2864 11
1022 2817 1173 2879 αὐτῷ]
1201 2834 1290 2865 om.
1375 2824 1432 2865 20
1458 2821 1515 2879 Β]
1543 2823 1629 2864 ΒΕ
1711 2817 1937 2879 τετάρτῳ]

237 2883 444 2945 τετάρτῳ
477 2884 607 2944 μέρει
701 2892 754 2931 21
791 2886 897 2945 ΒΕ]
933 2889 1026 2931 ΔΕ
1118 2884 1492 2945 ἐπιζευχθεῖσαι]
1526 2900 1617 2932 om.

359 2968 404 3010 p.
441 2958 546 3010 194,
599 2958 621 2997 1
668 2951 744 3010 αἴ]
783 2967 871 2998 om.
982 2959 1006 2998 7
1047 2952 1133 3012 μὲν
1177 2951 1296 3013 ἀπό]
1333 2953 1420 3011 μὲν
1459 2954 1541 3009 τῆς
1648 2959 1674 2998 9
1715 2951 1822 3012 ΑΒ]
1857 2954 1939 3010 τῆς
