2046 3256
255 149 364 202 208
734 151 1174 195 COMMENTARIA
1202 151 1485 204 ANTIQUA.

258 268 486 341 ἑκατέρα
533 278 648 325 τῶν
695 266 803 324 ὑπὸ
846 273 1050 339 ΑΚΗ,
1091 276 1269 325 ΑΔΕ
1311 273 1538 341 γωνιῶν
1585 277 1677 342 ἴση
1725 271 1841 328 ἐστὶ
1886 274 1952 346 τῇ

256 358 394 431 πρὸς
440 361 515 433 τῷ
560 364 627 428 Β,
678 360 738 414 ἐν
784 362 860 434 τῷ
909 356 1059 434 αὐτῷ
1107 358 1352 430 τμήματί
1395 363 1503 415 εἰσι
1549 362 1653 415 τοῦ
1692 365 1955 433 περιλαμ-

257 448 532 517 βάνοντος
563 446 774 503 κύκλου
812 445 879 503 τὰ
919 453 991 518 Δ,
1032 453 1106 518 Η,
1148 454 1213 518 Ε,
1254 453 1312 502 Κ
1348 459 1560 521 σημεῖα.
1631 448 1723 504 καὶ
1764 450 1952 521 ἐπειδὴ

258 538 319 592 ἐν
364 534 549 610 κύκλῳ
596 534 700 592 δύο
749 535 970 592 εὐθεῖαι
1017 540 1080 591 αἱ
1115 543 1244 607 ΔΕ,
1286 542 1409 592 ΗΚ
1445 539 1745 609 τέμνουσιν
1785 535 1953 609 ἀλλή-

199 650 224 689 5
258 630 358 690 λας
410 625 547 680 κατὰ
603 623 665 680 τὸ
717 630 787 695 Ζ,
848 624 911 681 τὸ
968 623 1076 680 ὑπὸ
1126 631 1312 681 ΔΖΕ
1364 633 1490 682 ἴσον
1546 627 1659 682 ἐστὶ
1712 629 1789 701 τῷ
1844 624 1953 683 ὑπὸ

256 719 446 769 ΗΖΚ,

369 802 574 875 ὁμοίως
616 802 683 875 δὴ
727 804 1100 876 δειχθήσεται,
1143 802 1227 861 ὅτι
1265 805 1355 860 καὶ
1397 808 1571 860 πᾶσαι
1611 807 1672 860 ac
1709 802 1817 861 ἀπὸ
1859 807 1955 876 τῆς

258 897 375 947 ΗΘ
413 897 670 965 γραμμῆς
710 893 798 949 ἐπὶ
837 891 940 964 τὴν
973 898 1098 948 ΗΚ
1132 892 1363 950 κάθετοι
1397 892 1668 965 ἀγόμεναι.
1702 901 1830 950 ἴσον
1862 893 1954 950 δύ-

258 1004 457 1037 νανται
504 986 579 1058 τῷ
628 980 737 1038 ὑπὸ
790 985 900 1038 τῶν
947 982 1262 1054 τμημάτων.
1340 982 1542 1049 κύκλος
1581 981 1690 1055 ἄρα
1730 983 1880 1040 ἐστὶν
1920 981 1955 1055 ἡ

172 1095 225 1135 10
258 1070 425 1142 τομή,
476 1071 769 1143 διάμετρος
818 1071 879 1127 δὲ
927 1069 1103 1128 αὐτοῦ
1151 1070 1184 1142 ἡ
1225 1078 1359 1128 HK.
1435 1073 1529 1128 καὶ
1570 1071 1814 1128 δυνατὸν
1853 1073 1955 1144 μέν

260 1162 410 1216 ἐστιν
453 1163 881 1232 ἐπιλογίσασθαι
921 1164 1087 1216 τοῦτο
1129 1160 1223 1216 διὰ
1262 1164 1361 1233 τῆς
1392 1165 1470 1227 εἰς
1502 1159 1788 1218 ἀδύνατον
1821 1158 1957 1217 ἄπα-

255 1254 452 1322 γωγῆς.
533 1254 583 1305 εί
627 1249 734 1323 γὰρ
785 1247 812 1306 ὃ
863 1250 987 1322 περὶ
1035 1251 1139 1322 τὴν
1190 1256 1317 1307 ΚΗ
1355 1250 1712 1323 γραφόμενος
1757 1249 1960 1317 κύκλος

259 1336 362 1410 οὐχ
402 1339 517 1409 ἥξει
562 1338 655 1394 διὰ
696 1342 798 1395 τοῦ
839 1345 887 1394 Θ
926 1343 1184 1410 σημείου,
1235 1343 1386 1394 ἔσται
1426 1338 1488 1394 τὸ
1530 1337 1639 1395 ὑπὸ
1683 1343 1795 1396 τῶν
1827 1345 1958 1411 ΚΖ,

259 1434 378 1483 ΖΗ
419 1436 543 1483 ἴσον
599 1430 723 1499 ἤτοι
770 1437 844 1503 τῷ
893 1426 1001 1483 ἀπὸ
1050 1433 1301 1499 μείζονος
1346 1437 1444 1499 τῆς
1493 1434 1594 1484 ΖΘ
1642 1425 1674 1499 ἢ
1723 1432 1796 1504 τῷ
1845 1427 1954 1484 ἀπὸ

173 1541 226 1581 15
260 1517 587 1582 ἐλάσσονος·
630 1517 765 1588 ὅπερ
808 1515 908 1588 οὐχ
944 1515 1247 1573 ὑπόκειται.
1313 1519 1566 1589 δείξομεν
1601 1517 1662 1573 δὲ
1695 1516 1832 1574 αὐτὸ
1864 1517 1955 1573 καὶ

260 1604 342 1662 ἐπ’
389 1606 629 1672 εὐθείας.

373 1700 510 1751 ἔστω
552 1719 634 1761 τις
673 1697 897 1768 γραμμὴ
941 1692 974 1767 ἡ
1017 1701 1155 1766 ΗΘ,
1198 1696 1289 1751 καὶ
1329 1693 1665 1752 ὑποτεινέτω
1706 1695 1883 1768 αὐτὴν
1923 1695 1956 1768 ἡ

257 1789 395 1856 ΗΚ,
438 1785 693 1857 εἰλήφθω
733 1784 794 1840 δὲ
829 1786 920 1840 καὶ
955 1785 1042 1840 ἐπὶ
1074 1794 1170 1856 τῆς
1201 1788 1459 1857 γραμμῆς
1488 1784 1728 1857 τυχόντα
1761 1796 1959 1858 σημεῖα
2006 1825 2026 1834 -

259 1875 325 1929 τὰ
370 1879 432 1943 Θ,
477 1879 540 1943 Ο,
581 1875 673 1929 καὶ
713 1871 806 1928 ἀπ’
853 1872 1039 1929 αὐτῶν
1081 1874 1168 1929 ἐπὶ
1209 1872 1310 1945 τὴν
1353 1879 1473 1929 ΗΚ
1507 1874 1737 1930 κάθετοι
1777 1873 1958 1946 ἤχθω-

170 1985 227 2026 20
260 1979 365 2018 σαν
407 1965 468 2017 αἱ
505 1969 632 2032 ΘΖ,
676 1968 813 2033 ΟΠ,
860 1963 952 2018 καὶ
996 1966 1134 2018 ἔστω
1174 1962 1235 2018 τὸ
1278 1963 1380 2034 μὲν
1420 1961 1529 2019 άπὸ
1572 1970 1674 2019 ΖΘ
1714 1971 1840 2019 ἴσον
1878 1967 1954 2040 τῷ

259 2049 368 2107 ὑπὸ
402 2057 594 2122 ΗΖΚ,
635 2050 697 2107 τὸ
733 2051 793 2107 δὲ
826 2050 933 2107 ἀπὸ
971 2057 1092 2106 ΟΠ
1114 2054 1189 2127 τῷ
1220 2050 1328 2108 ὑπὸ
1371 2057 1562 2107 ΗΠΚ
1591 2059 1733 2108 ἴσον.
1796 2053 1959 2123 λέγω,

262 2138 346 2196 ὅτι
394 2140 596 2206 κύκλος
646 2140 797 2195 ἐστὶν
845 2139 878 2211 ἡ
917 2146 1156 2195 ΗΘΟΚ
1199 2141 1440 2214 γραμμή.
1516 2140 1809 2213 τετμήσθω
1850 2142 1957 2214 γὰρ

260 2228 293 2302 η
336 2235 459 2286 ΗΚ
505 2233 633 2302 δίχα
678 2229 815 2285 κατὰ
865 2229 926 2286 τὸ
977 2236 1060 2300 Ν,
1115 2230 1207 2286 καὶ
1255 2229 1674 2302 ἐπεζεύχθωσαν
1723 2232 1783 2285 αἱ
1823 2235 1956 2301 ΝΘ,

262 2325 322 2374 N
332 2325 391 2375 Ο.
471 2319 586 2374 ἐπεὶ
636 2313 740 2374 οὖν
793 2318 989 2375 εὐθεῖα
1038 2317 1071 2390 ἡ
1119 2324 1243 2374 ΗΚ
1286 2320 1542 2391 τέτμηται
1590 2323 1668 2384 εἰς
1715 2318 1817 2391 μὲν
1866 2326 1958 2374 ἴσα

171 2428 228 2469 25
260 2407 396 2463 κατὰ
444 2407 506 2463 τὸ
549 2414 631 2478 Ν,
679 2412 757 2472 εἰς
805 2408 865 2463 δὲ
912 2409 1080 2463 ἄνισα
1127 2407 1264 2464 κατὰ
1313 2409 1373 2464 τὸ
1419 2414 1488 2477 Ζ,
1528 2407 1591 2463 τὸ
1631 2405 1741 2463 ὑπὸ
1782 2412 1961 2462 ΗΖΚ

262 2496 395 2568 μετὰ
451 2500 552 2551 τοῦ
607 2495 715 2551 ἀπὸ
765 2503 876 2552 ΝΖ
934 2504 1061 2552 ἴσον
1115 2497 1227 2552 ἐστὶ
1282 2501 1356 2572 τῷ
1408 2496 1517 2552 άπὸ
1564 2502 1698 2552 NK.
1783 2497 1845 2552 τὸ
1897 2495 1959 2551 δὲ

386 2666 423 2704 1.
457 2659 609 2716 ΑΔΕ]
645 2661 686 2703 Ε
719 2673 743 2703 e
768 2673 881 2703 corr.
910 2659 983 2704 W.
1110 2656 1234 2704 ἐστίν
1259 2659 1332 2703 W.
1457 2665 1497 2705 2.
1533 2659 1587 2718 B]
1621 2658 1806 2716 HWp,
1839 2672 1957 2703 corr.

263 2719 439 2765 Comm.
565 2719 682 2763 εἰσιν
714 2719 789 2762 W.
929 2723 968 2762 5.
1013 2715 1135 2763 ἐστίν
1168 2718 1241 2763 W.
1375 2724 1414 2762 6.
1458 2719 1626 2778 ΗΖΚ]
1671 2721 1818 2762 ΖΗΚ
1844 2732 1876 2773 p
1910 2719 1958 2761 et

266 2792 381 2824 corr.
409 2793 465 2823 ex
493 2781 635 2823 ZEK
655 2792 715 2823 m.
744 2781 762 2820 1
797 2778 876 2830 W;
911 2791 1025 2824 corr.
1053 2778 1228 2824 Comm.
1355 2783 1394 2821 7.
1428 2776 1504 2836 αἱ]
1531 2776 1708 2832 addidi,
1734 2790 1823 2821 om.
1849 2776 1957 2833 Wp.

323 2842 363 2881 8.
392 2838 509 2896 ΗΘ]
539 2840 579 2883 Θ
603 2852 627 2882 e
656 2851 770 2882 corr.
791 2852 836 2893 p,
863 2838 1016 2881 ΗΘΚ
1036 2837 1208 2893 Halley
1233 2850 1338 2880 cum
1363 2835 1538 2880 Comm.
1635 2841 1702 2881 10.
1729 2831 1886 2895 αὐτῷῖ
1912 2851 1955 2892 p.

324 2900 392 2941 11.
427 2893 775 2954 ἐπιλοήσασθαι
808 2911 838 2952 p
870 2896 980 2969 <nisi
1012 2898 1132 2941 forte
1165 2914 1211 2952 γι
1242 2897 1312 2940 ita
1343 2895 1568 2952 scriptae,
1601 2897 1655 2939 ut
1685 2895 1876 2939 litterae
1910 2897 1962 2938 H

266 2955 440 3000 similes
475 2955 602 3013 sint).
737 2960 804 3001 13.
839 2971 895 2999 ov
928 2955 1001 3000 W.
1139 2959 1206 3000 14.
1242 2956 1326 3015 τῷ]
1359 2951 1411 2998 τό
1445 2955 1519 3000 W.
1643 2954 1748 3013 ΖΘ]
1784 2956 1885 2999 ΘΗ
1911 2969 1955 3010 p.
