<?xml version="1.0" encoding="UTF-8"?>
<!DOCTYPE html PUBLIC "-//W3C//DTD XHTML 1.0 Transitional//EN"
    "http://www.w3.org/TR/xhtml1/DTD/xhtml1-transitional.dtd">
<html xmlns="http://www.w3.org/1999/xhtml" xml:lang="en" lang="en">
 <head>
  <title>
</title>
<meta http-equiv="Content-Type" content="text/html;charset=utf-8" />
  <meta name='ocr-system' content='tesseract 3.04.00' />
  <meta name='ocr-capabilities' content='ocr_page ocr_carea ocr_par ocr_line ocrx_word'/>
</head>
<body>
  <div class='ocr_page' id='page_1' title='image "apolloniipergaei02apoluoft_0408.png"; bbox 0 0 2020 3236; ppageno 0'>
   <div class='ocr_carea' id='block_1_1' title="bbox 283 123 1511 181">
    <p class='ocr_par' dir='ltr' id='par_1_1' title="bbox 283 123 1511 181">
     <span class='ocr_line' id='line_1_1' title="bbox 283 123 1511 181; baseline -0.007 -2"><span class='ocrx_word' id='word_1_1' title='bbox 283 127 393 179; x_wconf 83' lang='lat'><strong><em>316</em></strong></span> <span class='ocrx_word' id='word_1_2' title='bbox 760 127 1198 171; x_wconf 71' lang='lat' dir='ltr'><strong>COMMENTAMA</strong></span> <span class='ocrx_word' id='word_1_3' title='bbox 1228 123 1511 181; x_wconf 78' lang='lat' dir='ltr'><strong>ANTIQUA.</strong></span> 
     </span>
    </p>
   </div>
   <div class='ocr_carea' id='block_1_2' title="bbox 202 233 1997 2448">
    <p class='ocr_par' dir='ltr' id='par_1_2' title="bbox 283 233 1988 588">
     <span class='ocr_line' id='line_1_2' title="bbox 283 233 1986 324; baseline -0.001 -21"><span class='ocrx_word' id='word_1_4' title='bbox 283 251 392 303; x_wconf 90' lang='lat' dir='ltr'><strong><em>AZ</em></strong></span> <span class='ocrx_word' id='word_1_5' title='bbox 430 247 496 318; x_wconf 79' lang='grc' dir='ltr'><strong><em>τῇ</em></strong></span> <span class='ocrx_word' id='word_1_6' title='bbox 532 251 667 300; x_wconf 91' lang='grc' dir='ltr'><strong><em>ΔΒ·</em></strong></span> <span class='ocrx_word' id='word_1_7' title='bbox 707 245 799 300; x_wconf 85' lang='grc' dir='ltr'><strong><em>καὶ</em></strong></span> <span class='ocrx_word' id='word_1_8' title='bbox 832 242 908 310; x_wconf 79' lang='grc' dir='ltr'><strong><em>ὥς</em></strong></span> <span class='ocrx_word' id='word_1_9' title='bbox 939 242 1114 318; x_wconf 75' lang='grc' dir='ltr'><strong><em>ἅραὴ</em></strong></span> <span class='ocrx_word' id='word_1_10' title='bbox 1156 249 1270 300; x_wconf 90' lang='grc' dir='ltr'><strong><em>ΒΗ</em></strong></span> <span class='ocrx_word' id='word_1_11' title='bbox 1292 248 1430 317; x_wconf 90' lang='grc' dir='ltr'><strong><em>πρὸς</em></strong></span> <span class='ocrx_word' id='word_1_12' title='bbox 1460 233 1591 317; x_wconf 77' lang='grc' dir='ltr'><strong><em>ΗΓ,</em></strong></span> <span class='ocrx_word' id='word_1_13' title='bbox 1631 243 1827 317; x_wconf 83' lang='grc' dir='ltr'><strong><em>ἡΑΗ</em></strong></span> <span class='ocrx_word' id='word_1_14' title='bbox 1848 247 1986 324; x_wconf 87' lang='grc' dir='ltr'><strong><em>πρὸς</em></strong></span> 
     </span>
     <span class='ocr_line' id='line_1_3' title="bbox 283 331 1985 407; baseline 0.001 -18"><span class='ocrx_word' id='word_1_15' title='bbox 283 340 349 389; x_wconf 92' lang='grc' dir='ltr'>Η</span> <span class='ocrx_word' id='word_1_16' title='bbox 351 341 420 389; x_wconf 89' lang='grc' dir='ltr'><strong><em>Δ.</em></strong></span> <span class='ocrx_word' id='word_1_17' title='bbox 483 332 836 406; x_wconf 80' lang='grc' dir='ltr'><strong><em>παράλληλος</em></strong></span> <span class='ocrx_word' id='word_1_18' title='bbox 859 334 970 405; x_wconf 77' lang='grc' dir='ltr'><strong><em>ἄρα</em></strong></span> <span class='ocrx_word' id='word_1_19' title='bbox 994 333 1144 390; x_wconf 83' lang='grc' dir='ltr'><strong><em>ἐστὶν</em></strong></span> <span class='ocrx_word' id='word_1_20' title='bbox 1169 331 1203 405; x_wconf 81' lang='grc' dir='ltr'>ἡ</span> <span class='ocrx_word' id='word_1_21' title='bbox 1230 339 1339 389; x_wconf 91' lang='lat' dir='ltr'><strong><em>AB</em></strong></span> <span class='ocrx_word' id='word_1_22' title='bbox 1362 337 1430 407; x_wconf 78' lang='grc' dir='ltr'><strong><em>τῇ</em></strong></span> <span class='ocrx_word' id='word_1_23' title='bbox 1454 338 1578 390; x_wconf 91' lang='grc' dir='ltr'><strong><em>ΓΔ.</em></strong></span> <span class='ocrx_word' id='word_1_24' title='bbox 1641 340 1767 390; x_wconf 80' lang='grc' dir='ltr'><strong><em>ἴσον</em></strong></span> <span class='ocrx_word' id='word_1_25' title='bbox 1791 332 1900 407; x_wconf 74' lang='grc' dir='ltr'><strong><em>ἄρα</em></strong></span> <span class='ocrx_word' id='word_1_26' title='bbox 1922 338 1985 391; x_wconf 90' lang='grc' dir='ltr'><strong><em>τὸ</em></strong></span> 
     </span>
     <span class='ocr_line' id='line_1_4' title="bbox 285 420 1988 498; baseline 0.001 -20"><span class='ocrx_word' id='word_1_27' title='bbox 285 430 405 478; x_wconf 92' lang='grc' dir='ltr'><strong><em>ΑΔ</em></strong></span> <span class='ocrx_word' id='word_1_28' title='bbox 417 428 470 478; x_wconf 95' lang='grc' dir='ltr'>Γ</span> <span class='ocrx_word' id='word_1_29' title='bbox 508 427 788 495; x_wconf 88' lang='grc' dir='ltr'><strong><em>τρίγωνον</em></strong></span> <span class='ocrx_word' id='word_1_30' title='bbox 835 425 910 498; x_wconf 75' lang='grc' dir='ltr'><strong><em>τῷ</em></strong></span> <span class='ocrx_word' id='word_1_31' title='bbox 950 427 1144 493; x_wconf 92' lang='grc' dir='ltr'><strong><em>ΒΓΔ,</em></strong></span> <span class='ocrx_word' id='word_1_32' title='bbox 1190 423 1284 478; x_wconf 81' lang='grc' dir='ltr'><strong><em>καὶ</em></strong></span> <span class='ocrx_word' id='word_1_33' title='bbox 1329 426 1530 479; x_wconf 84' lang='grc' dir='ltr'><strong><em>κοινοῦ</em></strong></span> <span class='ocrx_word' id='word_1_34' title='bbox 1561 420 1988 497; x_wconf 78' lang='grc' dir='ltr'><strong><em>ἀφαιρουμένου</em></strong></span> 
     </span>
     <span class='ocr_line' id='line_1_5' title="bbox 286 512 1804 588; baseline 0.001 -21"><span class='ocrx_word' id='word_1_35' title='bbox 286 515 388 567; x_wconf 85' lang='grc' dir='ltr'><strong><em>τοῦ</em></strong></span> <span class='ocrx_word' id='word_1_36' title='bbox 428 516 604 567; x_wconf 88' lang='grc' dir='ltr'><strong><em>ΓΔΕ</em></strong></span> <span class='ocrx_word' id='word_1_37' title='bbox 638 515 839 567; x_wconf 91' lang='grc' dir='ltr'><strong><em>λοιπὸν</em></strong></span> <span class='ocrx_word' id='word_1_38' title='bbox 875 512 938 567; x_wconf 90' lang='grc' dir='ltr'><strong><em>τὸ</em></strong></span> <span class='ocrx_word' id='word_1_39' title='bbox 981 518 1162 567; x_wconf 90' lang='grc' dir='ltr'><strong><em>ΑΔΕ</em></strong></span> <span class='ocrx_word' id='word_1_40' title='bbox 1198 518 1326 568; x_wconf 76' lang='grc' dir='ltr'><strong><em>ἴσον</em></strong></span> <span class='ocrx_word' id='word_1_41' title='bbox 1366 512 1482 568; x_wconf 84' lang='grc' dir='ltr'><strong><em>ἐστὶ</em></strong></span> <span class='ocrx_word' id='word_1_42' title='bbox 1520 515 1596 588; x_wconf 78' lang='grc' dir='ltr'><strong><em>τῷ</em></strong></span> <span class='ocrx_word' id='word_1_43' title='bbox 1629 517 1804 568; x_wconf 89' lang='grc' dir='ltr'><strong>ΓΒΕ.</strong></span> 
     </span>
    </p>

    <p class='ocr_par' dir='ltr' id='par_1_3' title="bbox 227 598 1991 1032">
     <span class='ocr_line' id='line_1_6' title="bbox 227 598 1988 673; baseline 0 -17"><span class='ocrx_word' id='word_1_44' title='bbox 227 613 253 651; x_wconf 82' lang='lat'>5</span> <span class='ocrx_word' id='word_1_45' title='bbox 398 602 524 671; x_wconf 87' lang='grc' dir='ltr'><strong><em>περὶ</em></strong></span> <span class='ocrx_word' id='word_1_46' title='bbox 558 600 620 656; x_wconf 77' lang='grc' dir='ltr'><strong><em>δὲ</em></strong></span> <span class='ocrx_word' id='word_1_47' title='bbox 643 603 757 656; x_wconf 79' lang='grc' dir='ltr'><strong><em>τῶν</em></strong></span> <span class='ocrx_word' id='word_1_48' title='bbox 781 599 1048 656; x_wconf 79' lang='grc' dir='ltr'><strong><em>πτώσεων</em></strong></span> <span class='ocrx_word' id='word_1_49' title='bbox 1071 601 1314 672; x_wconf 80' lang='grc' dir='ltr'><strong><em>λεκτέον,</em></strong></span> <span class='ocrx_word' id='word_1_50' title='bbox 1348 598 1433 656; x_wconf 82' lang='grc' dir='ltr'><strong><em>ὅτι</em></strong></span> <span class='ocrx_word' id='word_1_51' title='bbox 1458 600 1547 657; x_wconf 77' lang='grc' dir='ltr'><strong><em>ἐπὶ</em></strong></span> <span class='ocrx_word' id='word_1_52' title='bbox 1570 599 1673 672; x_wconf 72' lang='grc' dir='ltr'><strong><em>μὲν</em></strong></span> <span class='ocrx_word' id='word_1_53' title='bbox 1696 603 1795 672; x_wconf 90' lang='grc' dir='ltr'><strong><em>τῆς</em></strong></span> <span class='ocrx_word' id='word_1_54' title='bbox 1817 619 1988 673; x_wconf 90' lang='grc' dir='ltr'><strong><em>παρα-</em></strong></span> 
     </span>
     <span class='ocr_line' id='line_1_7' title="bbox 287 686 1991 762; baseline 0 -17"><span class='ocrx_word' id='word_1_55' title='bbox 287 693 458 762; x_wconf 83' lang='grc' dir='ltr'><strong><em>βολῆς</em></strong></span> <span class='ocrx_word' id='word_1_56' title='bbox 489 690 581 745; x_wconf 84' lang='grc' dir='ltr'><strong><em>καὶ</em></strong></span> <span class='ocrx_word' id='word_1_57' title='bbox 613 692 711 760; x_wconf 89' lang='grc' dir='ltr'><strong><em>τῆς</em></strong></span> <span class='ocrx_word' id='word_1_58' title='bbox 743 686 1057 762; x_wconf 77' lang='grc' dir='ltr'><strong><em>ὑπερβολῆς</em></strong></span> <span class='ocrx_word' id='word_1_59' title='bbox 1089 686 1192 745; x_wconf 84' lang='grc' dir='ltr'><strong><em>οὐκ</em></strong></span> <span class='ocrx_word' id='word_1_60' title='bbox 1216 693 1343 762; x_wconf 84' lang='grc' dir='ltr'><strong><em>ἔχει,</em></strong></span> <span class='ocrx_word' id='word_1_61' title='bbox 1378 691 1465 746; x_wconf 85' lang='grc' dir='ltr'><strong><em>ἐπὶ</em></strong></span> <span class='ocrx_word' id='word_1_62' title='bbox 1491 690 1554 746; x_wconf 76' lang='grc' dir='ltr'><strong><em>δὲ</em></strong></span> <span class='ocrx_word' id='word_1_63' title='bbox 1575 693 1674 762; x_wconf 90' lang='grc' dir='ltr'><strong><em>τῆς</em></strong></span> <span class='ocrx_word' id='word_1_64' title='bbox 1697 691 1991 755; x_wconf 82' lang='grc' dir='ltr'><strong><em>ἐλλείψεως</em></strong></span> 
     </span>
     <span class='ocr_line' id='line_1_8' title="bbox 288 775 1990 851; baseline -0.001 -17"><span class='ocrx_word' id='word_1_65' title='bbox 288 783 399 850; x_wconf 79' lang='grc' dir='ltr'><strong><em>ἔχει</em></strong></span> <span class='ocrx_word' id='word_1_66' title='bbox 447 778 572 834; x_wconf 86' lang='grc' dir='ltr'><strong><em>δύο·</em></strong></span> <span class='ocrx_word' id='word_1_67' title='bbox 623 781 685 833; x_wconf 76' lang='grc' dir='ltr'><strong><em>αἱ</em></strong></span> <span class='ocrx_word' id='word_1_68' title='bbox 727 776 836 851; x_wconf 81' lang='grc' dir='ltr'><strong><em>γὰρ</em></strong></span> <span class='ocrx_word' id='word_1_69' title='bbox 886 777 1264 850; x_wconf 84' lang='grc' dir='ltr'><strong><em>ἐφαπτόμεναι</em></strong></span> <span class='ocrx_word' id='word_1_70' title='bbox 1302 778 1442 834; x_wconf 85' lang='grc' dir='ltr'><strong><em>κατὰ</em></strong></span> <span class='ocrx_word' id='word_1_71' title='bbox 1482 777 1583 844; x_wconf 79' lang='grc' dir='ltr'><strong><em>τὰς</em></strong></span> <span class='ocrx_word' id='word_1_72' title='bbox 1621 775 1770 848; x_wconf 78' lang='grc' dir='ltr'><strong><em>ἁφὰς</em></strong></span> <span class='ocrx_word' id='word_1_73' title='bbox 1807 776 1990 848; x_wconf 89' lang='grc' dir='ltr'><strong><em>μόνον</em></strong></span> 
     </span>
     <span class='ocr_line' id='line_1_9' title="bbox 288 866 1990 940; baseline -0.001 -17"><span class='ocrx_word' id='word_1_74' title='bbox 288 867 712 940; x_wconf 81' lang='grc' dir='ltr'><strong><em>συμβάλλουσαι</em></strong></span> <span class='ocrx_word' id='word_1_75' title='bbox 734 878 854 933; x_wconf 81' lang='grc' dir='ltr'><strong><em>ταῖς</em></strong></span> <span class='ocrx_word' id='word_1_76' title='bbox 880 868 1197 939; x_wconf 76' lang='grc' dir='ltr'><strong><em>διαμέτροις</em></strong></span> <span class='ocrx_word' id='word_1_77' title='bbox 1217 867 1311 923; x_wconf 84' lang='grc' dir='ltr'><strong><em>καὶ</em></strong></span> <span class='ocrx_word' id='word_1_78' title='bbox 1337 866 1772 938; x_wconf 83' lang='grc' dir='ltr'><strong><em>ἐκβαλλομέναις</em></strong></span> <span class='ocrx_word' id='word_1_79' title='bbox 1794 866 1990 933; x_wconf 80' lang='grc' dir='ltr'><strong><em>αὐταῖς</em></strong></span> 
     </span>
     <span class='ocr_line' id='line_1_10' title="bbox 291 951 1991 1032; baseline 0 -21"><span class='ocrx_word' id='word_1_80' title='bbox 291 959 723 1028; x_wconf 84' lang='grc' dir='ltr'><strong><em>συμπίπτουσιν,</em></strong></span> <span class='ocrx_word' id='word_1_81' title='bbox 755 952 791 1028; x_wconf 82' lang='grc' dir='ltr'><em>ἢ</em></span> <span class='ocrx_word' id='word_1_82' title='bbox 826 953 900 1022; x_wconf 79' lang='grc' dir='ltr'><strong><em>ὡς</em></strong></span> <span class='ocrx_word' id='word_1_83' title='bbox 932 957 994 1012; x_wconf 82' lang='grc' dir='ltr'><strong><em>ἐν</em></strong></span> <span class='ocrx_word' id='word_1_84' title='bbox 1025 958 1100 1032; x_wconf 76' lang='grc' dir='ltr'><strong><em>τῷ</em></strong></span> <span class='ocrx_word' id='word_1_85' title='bbox 1133 958 1282 1030; x_wconf 79' lang='grc' dir='ltr'><strong><em>ῥητῷ</em></strong></span> <span class='ocrx_word' id='word_1_86' title='bbox 1313 966 1507 1026; x_wconf 82' lang='grc' dir='ltr'><strong><em>κεῖται,</em></strong></span> <span class='ocrx_word' id='word_1_87' title='bbox 1547 951 1582 1027; x_wconf 81' lang='grc' dir='ltr'><em>ἢ</em></span> <span class='ocrx_word' id='word_1_88' title='bbox 1617 955 1704 1011; x_wconf 83' lang='grc' dir='ltr'><strong><em>ἐπὶ</em></strong></span> <span class='ocrx_word' id='word_1_89' title='bbox 1735 953 1803 1011; x_wconf 84' lang='grc' dir='ltr'><strong><em>τὰ</em></strong></span> <span class='ocrx_word' id='word_1_90' title='bbox 1833 956 1991 1027; x_wconf 80' lang='grc' dir='ltr'><strong><em>ἕτερα</em></strong></span> 
     </span>
    </p>

    <p class='ocr_par' dir='ltr' id='par_1_4' title="bbox 202 1038 1994 1206">
     <span class='ocr_line' id='line_1_11' title="bbox 202 1038 1994 1118; baseline 0.001 -20"><span class='ocrx_word' id='word_1_91' title='bbox 202 1038 257 1098; x_wconf 79' lang='grc'><strong><em>10</em></strong></span> <span class='ocrx_word' id='word_1_92' title='bbox 291 1046 447 1118; x_wconf 84' lang='grc' dir='ltr'><strong><em>μέρη,</em></strong></span> <span class='ocrx_word' id='word_1_93' title='bbox 509 1044 633 1101; x_wconf 77' lang='grc' dir='ltr'><strong><em>καθ’</em></strong></span> <span class='ocrx_word' id='word_1_94' title='bbox 695 1043 731 1100; x_wconf 78' lang='grc' dir='ltr'>ἅ</span> <span class='ocrx_word' id='word_1_95' title='bbox 785 1046 900 1100; x_wconf 83' lang='grc' dir='ltr'><strong><em>ἐστι</em></strong></span> <span class='ocrx_word' id='word_1_96' title='bbox 952 1048 1015 1100; x_wconf 91' lang='grc' dir='ltr'><strong><em>τὸ</em></strong></span> <span class='ocrx_word' id='word_1_97' title='bbox 1069 1051 1144 1116; x_wconf 91' lang='grc' dir='ltr'><strong><em>Ε,</em></strong></span> <span class='ocrx_word' id='word_1_98' title='bbox 1201 1043 1385 1117; x_wconf 75' lang='grc' dir='ltr'><strong><em>ὥσπερ</em></strong></span> <span class='ocrx_word' id='word_1_99' title='bbox 1441 1048 1552 1117; x_wconf 79' lang='grc' dir='ltr'><strong><em>ἔχει</em></strong></span> <span class='ocrx_word' id='word_1_100' title='bbox 1603 1044 1697 1100; x_wconf 84' lang='grc' dir='ltr'><strong><em>καὶ</em></strong></span> <span class='ocrx_word' id='word_1_101' title='bbox 1754 1043 1842 1100; x_wconf 82' lang='grc' dir='ltr'><strong><em>ἐπὶ</em></strong></span> <span class='ocrx_word' id='word_1_102' title='bbox 1894 1046 1994 1115; x_wconf 65' lang='grc' dir='ltr'><strong><em>τῆς</em></strong></span> 
     </span>
     <span class='ocr_line' id='line_1_12' title="bbox 286 1132 1868 1206; baseline 0 -16"><span class='ocrx_word' id='word_1_103' title='bbox 286 1132 615 1206; x_wconf 83' lang='grc' dir='ltr'><strong><em>ὑπερβολῆς.</em></strong></span> <span class='ocrx_word' id='word_1_104' title='bbox 1865 1141 1868 1144; x_wconf 82' lang='grc'><strong>’</strong></span> 
     </span>
    </p>

    <p class='ocr_par' dir='ltr' id='par_1_5' title="bbox 291 1207 1994 1474">
     <span class='ocr_line' id='line_1_13' title="bbox 292 1207 1315 1279; baseline 0.002 -17"><span class='ocrx_word' id='word_1_105' title='bbox 292 1249 307 1262; x_wconf 93' lang='grc'><strong>.</strong></span> <span class='ocrx_word' id='word_1_106' title='bbox 978 1212 1094 1274; x_wconf 83' lang='grc' dir='ltr'><strong><em>Εἰς</em></strong></span> <span class='ocrx_word' id='word_1_107' title='bbox 1131 1210 1200 1264; x_wconf 91' lang='grc' dir='ltr'><strong><em>τὸ</em></strong></span> <span class='ocrx_word' id='word_1_108' title='bbox 1240 1207 1315 1279; x_wconf 81' lang='grc' dir='ltr'><strong><em>β’.</em></strong></span> 
     </span>
     <span class='ocr_line' id='line_1_14' title="bbox 410 1310 1994 1386; baseline -0.001 -18"><span class='ocrx_word' id='word_1_109' title='bbox 410 1311 522 1378; x_wconf 81' lang='grc' dir='ltr'><strong><em>Τὰς</em></strong></span> <span class='ocrx_word' id='word_1_110' title='bbox 559 1311 795 1378; x_wconf 79' lang='grc' dir='ltr'><strong><em>πτώσεις</em></strong></span> <span class='ocrx_word' id='word_1_111' title='bbox 833 1311 1040 1368; x_wconf 86' lang='grc' dir='ltr'><strong><em>τούτου</em></strong></span> <span class='ocrx_word' id='word_1_112' title='bbox 1078 1316 1180 1368; x_wconf 86' lang='grc' dir='ltr'><strong><em>τοῦ</em></strong></span> <span class='ocrx_word' id='word_1_113' title='bbox 1218 1311 1584 1384; x_wconf 81' lang='grc' dir='ltr'><strong><em>θεωρήματος</em></strong></span> <span class='ocrx_word' id='word_1_114' title='bbox 1614 1310 1873 1386; x_wconf 73' lang='grc' dir='ltr'><strong><em>εὑρήσεις</em></strong></span> <span class='ocrx_word' id='word_1_115' title='bbox 1899 1311 1994 1368; x_wconf 82' lang='grc' dir='ltr'><strong><em>διὰ</em></strong></span> 
     </span>
     <span class='ocr_line' id='line_1_15' title="bbox 291 1400 1992 1474; baseline -0.001 -16"><span class='ocrx_word' id='word_1_116' title='bbox 291 1405 397 1458; x_wconf 85' lang='grc' dir='ltr'><strong><em>τοῦ</em></strong></span> <span class='ocrx_word' id='word_1_117' title='bbox 435 1401 532 1474; x_wconf 88' lang='grc' dir='ltr'><strong><em>μβ’</em></strong></span> <span class='ocrx_word' id='word_1_118' title='bbox 572 1402 665 1457; x_wconf 84' lang='grc' dir='ltr'><strong><em>καὶ</em></strong></span> <span class='ocrx_word' id='word_1_119' title='bbox 706 1401 802 1472; x_wconf 87' lang='grc' dir='ltr'><strong><em>μγ’</em></strong></span> <span class='ocrx_word' id='word_1_120' title='bbox 841 1400 1209 1474; x_wconf 81' lang='grc' dir='ltr'><strong><em>θεωρήματος</em></strong></span> <span class='ocrx_word' id='word_1_121' title='bbox 1246 1404 1349 1458; x_wconf 83' lang='grc' dir='ltr'><strong><em>τοῦ</em></strong></span> <span class='ocrx_word' id='word_1_122' title='bbox 1388 1401 1444 1456; x_wconf 88' lang='grc' dir='ltr'><strong><em>α’</em></strong></span> <span class='ocrx_word' id='word_1_123' title='bbox 1484 1406 1710 1473; x_wconf 87' lang='grc' dir='ltr'><strong><em>βιβλίου</em></strong></span> <span class='ocrx_word' id='word_1_124' title='bbox 1747 1401 1840 1457; x_wconf 82' lang='grc' dir='ltr'><strong><em>καὶ</em></strong></span> <span class='ocrx_word' id='word_1_125' title='bbox 1877 1403 1992 1458; x_wconf 77' lang='grc' dir='ltr'><strong><em>τῶν</em></strong></span> 
     </span>
    </p>

    <p class='ocr_par' dir='ltr' id='par_1_6' title="bbox 207 1487 1994 1916">
     <span class='ocr_line' id='line_1_16' title="bbox 207 1487 1994 1563; baseline -0.001 -16"><span class='ocrx_word' id='word_1_126' title='bbox 207 1502 261 1543; x_wconf 84' lang='grc'><strong><em>15</em></strong></span> <span class='ocrx_word' id='word_1_127' title='bbox 295 1494 376 1558; x_wconf 81' lang='grc' dir='ltr'><strong><em>εἰς</em></strong></span> <span class='ocrx_word' id='word_1_128' title='bbox 414 1487 556 1547; x_wconf 84' lang='grc' dir='ltr'><strong><em>αὐτὰ</em></strong></span> <span class='ocrx_word' id='word_1_129' title='bbox 586 1490 987 1562; x_wconf 75' lang='grc' dir='ltr'><strong><em>γεγραμμένων</em></strong></span> <span class='ocrx_word' id='word_1_130' title='bbox 1019 1495 1277 1563; x_wconf 88' lang='grc' dir='ltr'><strong><em>σχολίων.</em></strong></span> <span class='ocrx_word' id='word_1_131' title='bbox 1348 1493 1438 1547; x_wconf 77' lang='grc' dir='ltr'><strong><em>δεῖ</em></strong></span> <span class='ocrx_word' id='word_1_132' title='bbox 1465 1491 1654 1562; x_wconf 87' lang='grc' dir='ltr'><strong><em>μέντοι</em></strong></span> <span class='ocrx_word' id='word_1_133' title='bbox 1685 1491 1994 1561; x_wconf 80' lang='grc' dir='ltr'><strong><em>ἐπιστῆσαι,</em></strong></span> 
     </span>
     <span class='ocr_line' id='line_1_17' title="bbox 295 1578 1176 1651; baseline 0 -16"><span class='ocrx_word' id='word_1_134' title='bbox 295 1579 408 1648; x_wconf 85' lang='grc' dir='ltr'><strong><em>ὅτι,</em></strong></span> <span class='ocrx_word' id='word_1_135' title='bbox 457 1578 558 1634; x_wconf 81' lang='grc' dir='ltr'><strong><em>ἐὰν</em></strong></span> <span class='ocrx_word' id='word_1_136' title='bbox 602 1582 665 1634; x_wconf 90' lang='grc' dir='ltr'><strong><em>τὸ</em></strong></span> <span class='ocrx_word' id='word_1_137' title='bbox 705 1585 772 1634; x_wconf 92' lang='grc' dir='ltr'>Η</span> <span class='ocrx_word' id='word_1_138' title='bbox 809 1589 1041 1650; x_wconf 85' lang='grc' dir='ltr'><strong><em>σημεῖον</em></strong></span> <span class='ocrx_word' id='word_1_139' title='bbox 1090 1601 1176 1651; x_wconf 88' lang='grc' dir='ltr'><strong><em>με·</em></strong></span> 
     </span>
     <span class='ocr_line' id='line_1_18' title="bbox 291 1666 1175 1741; baseline 0 -18"><span class='ocrx_word' id='word_1_140' title='bbox 291 1671 428 1735; x_wconf 80' lang='grc' dir='ltr'><strong><em>ταξὺ</em></strong></span> <span class='ocrx_word' id='word_1_141' title='bbox 465 1676 580 1724; x_wconf 80' lang='grc' dir='ltr'><strong><em>τῶν</em></strong></span> <span class='ocrx_word' id='word_1_142' title='bbox 619 1674 692 1738; x_wconf 89' lang='grc' dir='ltr'><strong><em>Α,</em></strong></span> <span class='ocrx_word' id='word_1_143' title='bbox 724 1674 772 1723; x_wconf 92' lang='grc' dir='ltr'><strong><em>Β</em></strong></span> <span class='ocrx_word' id='word_1_144' title='bbox 804 1673 998 1741; x_wconf 81' lang='grc' dir='ltr'><strong><em>ληφθῇ</em></strong></span> <span class='ocrx_word' id='word_1_145' title='bbox 1035 1666 1175 1724; x_wconf 74' lang='grc' dir='ltr'><strong><em>ὥστε</em></strong></span> 
     </span>
     <span class='ocr_line' id='line_1_19' title="bbox 292 1755 1177 1829; baseline -0.001 -16"><span class='ocrx_word' id='word_1_146' title='bbox 292 1756 391 1822; x_wconf 80' lang='grc' dir='ltr'><strong><em>τὰς</em></strong></span> <span class='ocrx_word' id='word_1_147' title='bbox 451 1756 843 1829; x_wconf 84' lang='grc' dir='ltr'><strong><em>παραλλήλους</em></strong></span> <span class='ocrx_word' id='word_1_148' title='bbox 905 1755 1050 1812; x_wconf 81' lang='grc' dir='ltr'><strong><em>εἶναι</em></strong></span> <span class='ocrx_word' id='word_1_149' title='bbox 1102 1755 1177 1822; x_wconf 85' lang='grc' dir='ltr'><strong><em>ὡς</em></strong></span> 
     </span>
     <span class='ocr_line' id='line_1_20' title="bbox 295 1844 1174 1916; baseline -0.002 -14"><span class='ocrx_word' id='word_1_150' title='bbox 295 1845 392 1912; x_wconf 80' lang='grc' dir='ltr'><strong><em>τὰς</em></strong></span> <span class='ocrx_word' id='word_1_151' title='bbox 408 1851 478 1900; x_wconf 92' lang='grc' dir='ltr'><strong><em>Μ</em></strong></span> <span class='ocrx_word' id='word_1_152' title='bbox 484 1853 518 1900; x_wconf 93' lang='lat' dir='ltr'><em>I</em></span> <span class='ocrx_word' id='word_1_153' title='bbox 520 1851 585 1900; x_wconf 95' lang='lat' dir='ltr'><em>H</em></span> <span class='ocrx_word' id='word_1_154' title='bbox 588 1851 651 1916; x_wconf 84' lang='lat' dir='ltr'><strong><em>Z,</em></strong></span> <span class='ocrx_word' id='word_1_155' title='bbox 666 1851 718 1899; x_wconf 92' lang='grc' dir='ltr'><em>Λ</em></span> <span class='ocrx_word' id='word_1_156' title='bbox 726 1851 786 1900; x_wconf 89' lang='grc' dir='ltr'><em>Η</em></span> <span class='ocrx_word' id='word_1_157' title='bbox 795 1850 866 1915; x_wconf 88' lang='lat' dir='ltr'><strong><em>K,</em></strong></span> <span class='ocrx_word' id='word_1_158' title='bbox 885 1844 1174 1916; x_wconf 81' lang='grc' dir='ltr'><strong><em>ἐκβάλλειν</em></strong></span> 
     </span>
    </p>

    <p class='ocr_par' dir='ltr' id='par_1_7' title="bbox 206 1935 1997 2362">
     <span class='ocr_line' id='line_1_21' title="bbox 206 1935 1176 2006; baseline 0.002 -19"><span class='ocrx_word' id='word_1_159' title='bbox 206 1945 264 1987; x_wconf 81' lang='grc'><strong><em>20</em></strong></span> <span class='ocrx_word' id='word_1_160' title='bbox 300 1937 390 1989; x_wconf 79' lang='grc' dir='ltr'><strong><em>δεῖ</em></strong></span> <span class='ocrx_word' id='word_1_161' title='bbox 431 1935 538 2004; x_wconf 87' lang='grc' dir='ltr'><strong><em>τὴν</em></strong></span> <span class='ocrx_word' id='word_1_162' title='bbox 586 1939 704 1988; x_wconf 92' lang='grc' dir='ltr'><strong><em>ΛΚ</em></strong></span> <span class='ocrx_word' id='word_1_163' title='bbox 748 1935 908 2006; x_wconf 87' lang='grc' dir='ltr'><strong><em>μέχρι</em></strong></span> <span class='ocrx_word' id='word_1_164' title='bbox 949 1937 1047 2004; x_wconf 90' lang='grc' dir='ltr'><strong><em>τῆς</em></strong></span> <span class='ocrx_word' id='word_1_165' title='bbox 1092 1956 1176 1989; x_wconf 91' lang='grc' dir='ltr'><strong><em>το-</em></strong></span> 
     </span>
     <span class='ocr_line' id='line_1_22' title="bbox 294 2019 1176 2095; baseline 0.002 -19"><span class='ocrx_word' id='word_1_166' title='bbox 294 2032 402 2095; x_wconf 83' lang='grc' dir='ltr'><strong><em>μῆς</em></strong></span> <span class='ocrx_word' id='word_1_167' title='bbox 451 2019 526 2087; x_wconf 79' lang='grc' dir='ltr'><strong><em>ὡς</em></strong></span> <span class='ocrx_word' id='word_1_168' title='bbox 572 2020 711 2077; x_wconf 83' lang='grc' dir='ltr'><strong><em>κατὰ</em></strong></span> <span class='ocrx_word' id='word_1_169' title='bbox 750 2020 814 2077; x_wconf 90' lang='grc' dir='ltr'><strong><em>τὸ</em></strong></span> <span class='ocrx_word' id='word_1_170' title='bbox 852 2028 910 2079; x_wconf 91' lang='grc' dir='ltr'><em>Ν</em></span> <span class='ocrx_word' id='word_1_171' title='bbox 947 2023 1040 2078; x_wconf 83' lang='grc' dir='ltr'><strong><em>καὶ</em></strong></span> <span class='ocrx_word' id='word_1_172' title='bbox 1081 2022 1176 2079; x_wconf 78' lang='grc' dir='ltr'><strong><em>διὰ</em></strong></span> 
     </span>
     <span class='ocr_line' id='line_1_23' title="bbox 293 2112 1177 2184; baseline 0 -17"><span class='ocrx_word' id='word_1_173' title='bbox 293 2119 397 2168; x_wconf 85' lang='grc' dir='ltr'><strong><em>τοῦ</em></strong></span> <span class='ocrx_word' id='word_1_174' title='bbox 460 2113 525 2166; x_wconf 95' lang='grc' dir='ltr'><strong><em>Ν</em></strong></span> <span class='ocrx_word' id='word_1_175' title='bbox 581 2113 647 2184; x_wconf 82' lang='grc' dir='ltr'><strong><em>τῇ</em></strong></span> <span class='ocrx_word' id='word_1_176' title='bbox 707 2116 828 2165; x_wconf 90' lang='grc' dir='ltr'><strong><em>ΒΔ</em></strong></span> <span class='ocrx_word' id='word_1_177' title='bbox 896 2112 1177 2183; x_wconf 76' lang='grc' dir='ltr'><strong><em>παράλλη-</em></strong></span> 
     </span>
     <span class='ocr_line' id='line_1_24' title="bbox 294 2196 1177 2270; baseline -0.001 -14"><span class='ocrx_word' id='word_1_178' title='bbox 294 2207 399 2256; x_wconf 92' lang='grc' dir='ltr'><strong><em>λον</em></strong></span> <span class='ocrx_word' id='word_1_179' title='bbox 438 2196 670 2270; x_wconf 76' lang='grc' dir='ltr'><strong><em>ἀγαγεῖν</em></strong></span> <span class='ocrx_word' id='word_1_180' title='bbox 708 2198 812 2270; x_wconf 83' lang='grc' dir='ltr'><strong><em>τὴν</em></strong></span> <span class='ocrx_word' id='word_1_181' title='bbox 849 2203 983 2262; x_wconf 80' lang='grc' dir='ltr'><strong><em>ΝΞ·</em></strong></span> <span class='ocrx_word' id='word_1_182' title='bbox 1024 2203 1177 2256; x_wconf 82' lang='grc' dir='ltr'><strong><em>ἔσται</em></strong></span> 
     </span>
     <span class='ocr_line' id='line_1_25' title="bbox 295 2286 1997 2362; baseline -0.001 -18"><span class='ocrx_word' id='word_1_183' title='bbox 295 2290 405 2361; x_wconf 85' lang='grc' dir='ltr'><strong><em>γὰρ</em></strong></span> <span class='ocrx_word' id='word_1_184' title='bbox 455 2286 549 2343; x_wconf 83' lang='grc' dir='ltr'><strong><em>διὰ</em></strong></span> <span class='ocrx_word' id='word_1_185' title='bbox 596 2286 664 2342; x_wconf 82' lang='grc' dir='ltr'><strong><em>τὰ</em></strong></span> <span class='ocrx_word' id='word_1_186' title='bbox 711 2289 974 2361; x_wconf 82' lang='grc' dir='ltr'><strong><em>εἰρημένα</em></strong></span> <span class='ocrx_word' id='word_1_187' title='bbox 1022 2289 1083 2344; x_wconf 86' lang='grc' dir='ltr'><strong><em>έν</em></strong></span> <span class='ocrx_word' id='word_1_188' title='bbox 1128 2290 1205 2362; x_wconf 78' lang='grc' dir='ltr'><strong><em>τῷ</em></strong></span> <span class='ocrx_word' id='word_1_189' title='bbox 1253 2287 1310 2344; x_wconf 84' lang='grc' dir='ltr'><strong><em>α’</em></strong></span> <span class='ocrx_word' id='word_1_190' title='bbox 1358 2292 1557 2362; x_wconf 76' lang='grc' dir='ltr'><strong><em>βιβλίῳ</em></strong></span> <span class='ocrx_word' id='word_1_191' title='bbox 1603 2286 1741 2344; x_wconf 80' lang='grc' dir='ltr'><strong><em>κατὰ</em></strong></span> <span class='ocrx_word' id='word_1_192' title='bbox 1784 2290 1847 2343; x_wconf 90' lang='grc' dir='ltr'><strong><em>τὸ</em></strong></span> <span class='ocrx_word' id='word_1_193' title='bbox 1889 2293 1997 2359; x_wconf 77' lang='grc' dir='ltr'><strong><em>μθ’</em></strong></span> 
     </span>
    </p>

    <p class='ocr_par' dir='ltr' id='par_1_8' title="bbox 211 2374 1993 2448">
     <span class='ocr_line' id='line_1_26' title="bbox 211 2374 1993 2448; baseline 0.001 -17"><span class='ocrx_word' id='word_1_194' title='bbox 211 2390 266 2431; x_wconf 78' lang='lat'><strong><em>25</em></strong></span> <span class='ocrx_word' id='word_1_195' title='bbox 299 2378 393 2432; x_wconf 81' lang='grc' dir='ltr'><strong><em>καὶ</em></strong></span> <span class='ocrx_word' id='word_1_196' title='bbox 432 2376 490 2431; x_wconf 88' lang='grc' dir='ltr'><strong><em>ν’</em></strong></span> <span class='ocrx_word' id='word_1_197' title='bbox 530 2375 801 2448; x_wconf 77' lang='grc' dir='ltr'><strong><em>θεώρημα</em></strong></span> <span class='ocrx_word' id='word_1_198' title='bbox 839 2376 932 2431; x_wconf 88' lang='grc' dir='ltr'><strong><em>καὶ</em></strong></span> <span class='ocrx_word' id='word_1_199' title='bbox 971 2375 1034 2433; x_wconf 88' lang='grc' dir='ltr'><strong><em>τὸ</em></strong></span> <span class='ocrx_word' id='word_1_200' title='bbox 1072 2376 1289 2433; x_wconf 87' lang='grc' dir='ltr'><strong><em>τούτων</em></strong></span> <span class='ocrx_word' id='word_1_201' title='bbox 1323 2375 1551 2448; x_wconf 86' lang='grc' dir='ltr'><strong><em>σχόλιον</em></strong></span> <span class='ocrx_word' id='word_1_202' title='bbox 1580 2374 1645 2432; x_wconf 90' lang='grc' dir='ltr'><strong><em>τὸ</em></strong></span> <span class='ocrx_word' id='word_1_203' title='bbox 1676 2378 1857 2439; x_wconf 78' lang='grc' dir='ltr'><strong><em>ΚΝΞ</em></strong></span> <span class='ocrx_word' id='word_1_204' title='bbox 1881 2381 1993 2448; x_wconf 84' lang='grc' dir='ltr'><strong><em>τρί-</em></strong></span> 
     </span>
    </p>
   </div>
   <div class='ocr_carea' id='block_1_3' title="bbox 1244 1614 1988 2229">
    <p class='ocr_par' dir='ltr' id='par_1_9' title="bbox 1244 1614 1988 2229">
     <span class='ocr_line' id='line_1_27' title="bbox 1244 1614 1988 2229; baseline 0 1007"><span class='ocrx_word' id='word_1_205' title='bbox 1244 1614 1988 2229; x_wconf 95' lang='lat' dir='ltr'><strong><em> </em></strong></span> 
     </span>
    </p>
   </div>
   <div class='ocr_carea' id='block_1_4' title="bbox 295 2469 653 2475">
    <p class='ocr_par' dir='ltr' id='par_1_10' title="bbox 295 2469 653 2475">
     <span class='ocr_line' id='line_1_28' title="bbox 295 2469 653 2475; baseline 0 0"><span class='ocrx_word' id='word_1_206' title='bbox 295 2469 653 2475; x_wconf 95' lang='lat' dir='ltr'><strong><em> </em></strong></span> 
     </span>
    </p>
   </div>
   <div class='ocr_carea' id='block_1_5' title="bbox 300 2509 1996 2982">
    <p class='ocr_par' dir='ltr' id='par_1_11' title="bbox 419 2509 1996 2567">
     <span class='ocr_line' id='line_1_29' title="bbox 419 2509 1996 2567; baseline 0.001 -14"><span class='ocrx_word' id='word_1_207' title='bbox 419 2510 471 2554; x_wconf 90' lang='lat' dir='ltr'><strong><em>In</em></strong></span> <span class='ocrx_word' id='word_1_208' title='bbox 503 2511 583 2566; x_wconf 88' lang='lat' dir='ltr'><strong><em>fig.</em></strong></span> <span class='ocrx_word' id='word_1_209' title='bbox 617 2523 701 2566; x_wconf 90' lang='lat' dir='ltr'><strong><em>pro</em></strong></span> <span class='ocrx_word' id='word_1_210' title='bbox 736 2515 764 2553; x_wconf 91' lang='grc' dir='ltr'><em>Ι</em></span> <span class='ocrx_word' id='word_1_211' title='bbox 791 2509 900 2553; x_wconf 81' lang='lat' dir='ltr'><strong>hab.</strong></span> <span class='ocrx_word' id='word_1_212' title='bbox 939 2513 981 2553; x_wconf 90' lang='lat' dir='ltr'><em>T</em></span> <span class='ocrx_word' id='word_1_213' title='bbox 1009 2509 1083 2566; x_wconf 86' lang='lat' dir='ltr'><strong><em>W,</em></strong></span> <span class='ocrx_word' id='word_1_214' title='bbox 1115 2522 1199 2566; x_wconf 87' lang='lat' dir='ltr'><strong><em>pro</em></strong></span> <span class='ocrx_word' id='word_1_215' title='bbox 1233 2512 1283 2553; x_wconf 91' lang='lat' dir='ltr'><em>H</em></span> <span class='ocrx_word' id='word_1_216' title='bbox 1309 2510 1416 2554; x_wconf 84' lang='lat' dir='ltr'><strong>hab.</strong></span> <span class='ocrx_word' id='word_1_217' title='bbox 1450 2511 1514 2565; x_wconf 87' lang='lat' dir='ltr'><strong><em>N,</em></strong></span> <span class='ocrx_word' id='word_1_218' title='bbox 1554 2523 1640 2567; x_wconf 88' lang='lat' dir='ltr'><strong><em>pro</em></strong></span> <span class='ocrx_word' id='word_1_219' title='bbox 1671 2511 1727 2553; x_wconf 95' lang='lat' dir='ltr'><em>N</em></span> <span class='ocrx_word' id='word_1_220' title='bbox 1751 2509 1911 2554; x_wconf 70' lang='lat' dir='ltr'><strong>autem</strong></span> <span class='ocrx_word' id='word_1_221' title='bbox 1943 2511 1996 2554; x_wconf 88' lang='grc' dir='ltr'><strong><em>Γ.</em></strong></span> 
     </span>
    </p>

    <p class='ocr_par' dir='ltr' id='par_1_12' title="bbox 422 2625 1994 2688">
     <span class='ocr_line' id='line_1_30' title="bbox 422 2625 1994 2688; baseline -0.001 -15"><span class='ocrx_word' id='word_1_222' title='bbox 422 2635 461 2674; x_wconf 97' lang='grc'><strong><em>1.</em></strong></span> <span class='ocrx_word' id='word_1_223' title='bbox 493 2629 604 2688; x_wconf 90' lang='grc' dir='ltr'><strong><em>ΔΒ]</em></strong></span> <span class='ocrx_word' id='word_1_224' title='bbox 638 2631 720 2673; x_wconf 93' lang='grc' dir='ltr'><strong><em>ΑΒ</em></strong></span> <span class='ocrx_word' id='word_1_225' title='bbox 751 2626 868 2683; x_wconf 89' lang='lat' dir='ltr'><strong><em>Wp,</em></strong></span> <span class='ocrx_word' id='word_1_226' title='bbox 901 2639 1015 2673; x_wconf 80' lang='lat' dir='ltr'><strong>corr.</strong></span> <span class='ocrx_word' id='word_1_227' title='bbox 1051 2627 1229 2672; x_wconf 88' lang='lat' dir='ltr'><strong>Comm.</strong></span> <span class='ocrx_word' id='word_1_228' title='bbox 1336 2627 1460 2686; x_wconf 90' lang='lat' dir='ltr'><strong><em>BH]</em></strong></span> <span class='ocrx_word' id='word_1_229' title='bbox 1494 2630 1542 2671; x_wconf 89' lang='lat' dir='ltr'><em>H</em></span> <span class='ocrx_word' id='word_1_230' title='bbox 1573 2640 1598 2672; x_wconf 84' lang='lat' dir='ltr'>e</span> <span class='ocrx_word' id='word_1_231' title='bbox 1630 2640 1745 2672; x_wconf 87' lang='lat' dir='ltr'><strong>corr.</strong></span> <span class='ocrx_word' id='word_1_232' title='bbox 1778 2625 1852 2684; x_wconf 88' lang='lat' dir='ltr'><strong><em>W.</em></strong></span> <span class='ocrx_word' id='word_1_233' title='bbox 1951 2631 1994 2673; x_wconf 90' lang='lat'><strong><em>3.</em></strong></span> 
     </span>
    </p>

    <p class='ocr_par' dir='ltr' id='par_1_13' title="bbox 300 2682 1995 2748">
     <span class='ocr_line' id='line_1_31' title="bbox 300 2682 1995 2748; baseline -0.002 -15"><span class='ocrx_word' id='word_1_234' title='bbox 300 2694 335 2733; x_wconf 90' lang='lat' dir='ltr'><em>A</em></span> <span class='ocrx_word' id='word_1_235' title='bbox 347 2694 389 2733; x_wconf 88' lang='grc' dir='ltr'><em>Δ</em></span> <span class='ocrx_word' id='word_1_236' title='bbox 401 2689 467 2748; x_wconf 90' lang='grc' dir='ltr'><strong><em>Γ]</em></strong></span> <span class='ocrx_word' id='word_1_237' title='bbox 486 2693 529 2732; x_wconf 90' lang='grc' dir='ltr'><em>Δ</em></span> <span class='ocrx_word' id='word_1_238' title='bbox 545 2702 661 2734; x_wconf 86' lang='lat' dir='ltr'><strong>corr.</strong></span> <span class='ocrx_word' id='word_1_239' title='bbox 677 2700 734 2732; x_wconf 82' lang='lat' dir='ltr'><strong><em>ex</em></strong></span> <span class='ocrx_word' id='word_1_240' title='bbox 751 2688 795 2729; x_wconf 88' lang='grc' dir='ltr'><em>Γ</em></span> <span class='ocrx_word' id='word_1_241' title='bbox 813 2685 863 2730; x_wconf 88' lang='lat' dir='ltr'><strong><em>in</em></strong></span> <span class='ocrx_word' id='word_1_242' title='bbox 880 2685 1017 2730; x_wconf 83' lang='lat' dir='ltr'><strong>scrib.</strong></span> <span class='ocrx_word' id='word_1_243' title='bbox 1028 2684 1102 2731; x_wconf 89' lang='lat' dir='ltr'><strong><em>W.</em></strong></span> <span class='ocrx_word' id='word_1_244' title='bbox 1189 2692 1228 2732; x_wconf 88' lang='lat'><strong><em>9.</em></strong></span> <span class='ocrx_word' id='word_1_245' title='bbox 1247 2682 1277 2743; x_wconf 84' lang='grc' dir='ltr'><em>ἥ</em></span> <span class='ocrx_word' id='word_1_246' title='bbox 1290 2687 1416 2745; x_wconf 70' lang='lat' dir='ltr'><strong>(pr.)]</strong></span> <span class='ocrx_word' id='word_1_247' title='bbox 1434 2685 1609 2742; x_wconf 84' lang='lat' dir='ltr'>addidi,</span> <span class='ocrx_word' id='word_1_248' title='bbox 1627 2700 1716 2731; x_wconf 89' lang='lat' dir='ltr'><strong><em>om.</em></strong></span> <span class='ocrx_word' id='word_1_249' title='bbox 1731 2684 1838 2743; x_wconf 88' lang='lat' dir='ltr'><strong><em>Wp.</em></strong></span> <span class='ocrx_word' id='word_1_250' title='bbox 1925 2690 1995 2730; x_wconf 91' lang='grc'><strong><em>10.</em></strong></span> 
     </span>
    </p>

    <p class='ocr_par' dir='ltr' id='par_1_14' title="bbox 302 2741 1996 2804">
     <span class='ocr_line' id='line_1_32' title="bbox 302 2741 1996 2804; baseline -0.002 -12"><span class='ocrx_word' id='word_1_251' title='bbox 302 2745 429 2793; x_wconf 80' lang='grc' dir='ltr'><strong><em>ἐστιν</em></strong></span> <span class='ocrx_word' id='word_1_252' title='bbox 462 2748 535 2792; x_wconf 90' lang='lat' dir='ltr'><strong><em>W.</em></strong></span> <span class='ocrx_word' id='word_1_253' title='bbox 631 2752 700 2791; x_wconf 83' lang='lat'><strong><em>16.</em></strong></span> <span class='ocrx_word' id='word_1_254' title='bbox 736 2741 843 2804; x_wconf 77' lang='grc' dir='ltr'><strong><em>ἐάν]</em></strong></span> <span class='ocrx_word' id='word_1_255' title='bbox 878 2758 993 2790; x_wconf 85' lang='lat' dir='ltr'><strong>corr.</strong></span> <span class='ocrx_word' id='word_1_256' title='bbox 1019 2760 1075 2790; x_wconf 85' lang='lat' dir='ltr'><strong><em>ex</em></strong></span> <span class='ocrx_word' id='word_1_257' title='bbox 1107 2742 1159 2790; x_wconf 76' lang='grc' dir='ltr'><strong><em>ἐν</em></strong></span> <span class='ocrx_word' id='word_1_258' title='bbox 1191 2761 1237 2803; x_wconf 88' lang='grc' dir='ltr'><strong><em>Ρ,</em></strong></span> <span class='ocrx_word' id='word_1_259' title='bbox 1272 2742 1324 2791; x_wconf 80' lang='grc' dir='ltr'><strong><em>ἐν</em></strong></span> <span class='ocrx_word' id='word_1_260' title='bbox 1355 2745 1406 2790; x_wconf 86' lang='lat' dir='ltr'><strong><em>in</em></strong></span> <span class='ocrx_word' id='word_1_261' title='bbox 1429 2758 1519 2790; x_wconf 77' lang='lat' dir='ltr'><strong><em>ras,</em></strong></span> <span class='ocrx_word' id='word_1_262' title='bbox 1544 2744 1617 2790; x_wconf 88' lang='lat' dir='ltr'><strong><em>W.</em></strong></span> <span class='ocrx_word' id='word_1_263' title='bbox 1709 2743 1786 2803; x_wconf 87' lang='grc' dir='ltr'><strong><em>τό]</em></strong></span> <span class='ocrx_word' id='word_1_264' title='bbox 1811 2743 1996 2800; x_wconf 80' lang='lat' dir='ltr'><strong><em>HaIIey,</em></strong></span> 
     </span>
    </p>

    <p class='ocr_par' dir='ltr' id='par_1_15' title="bbox 301 2802 1995 2866">
     <span class='ocr_line' id='line_1_33' title="bbox 301 2802 1995 2866; baseline -0.002 -15"><span class='ocrx_word' id='word_1_265' title='bbox 301 2807 363 2866; x_wconf 81' lang='grc' dir='ltr'><strong><em>τῷ</em></strong></span> <span class='ocrx_word' id='word_1_266' title='bbox 395 2821 427 2863; x_wconf 88' lang='lat' dir='ltr'><strong>p</strong></span> <span class='ocrx_word' id='word_1_267' title='bbox 466 2809 515 2851; x_wconf 75' lang='lat' dir='ltr'><strong><em>et</em></strong></span> <span class='ocrx_word' id='word_1_268' title='bbox 545 2805 595 2850; x_wconf 88' lang='lat' dir='ltr'><strong><em>in</em></strong></span> <span class='ocrx_word' id='word_1_269' title='bbox 626 2821 717 2851; x_wconf 78' lang='lat' dir='ltr'><strong>ras.</strong></span> <span class='ocrx_word' id='word_1_270' title='bbox 749 2804 824 2851; x_wconf 90' lang='lat' dir='ltr'><strong><em>W.</em></strong></span> <span class='ocrx_word' id='word_1_271' title='bbox 977 2803 1192 2863; x_wconf 86' lang='grc' dir='ltr'><strong><em>σημεῖον]</em></strong></span> <span class='ocrx_word' id='word_1_272' title='bbox 1225 2818 1375 2862; x_wconf 87' lang='lat' dir='ltr'><strong>comp.</strong></span> <span class='ocrx_word' id='word_1_273' title='bbox 1407 2818 1462 2861; x_wconf 87' lang='lat' dir='ltr'><strong><em>p,</em></strong></span> <span class='ocrx_word' id='word_1_274' title='bbox 1503 2805 1677 2862; x_wconf 81' lang='grc' dir='ltr'><strong><em>σημείῳ</em></strong></span> <span class='ocrx_word' id='word_1_275' title='bbox 1716 2802 1767 2848; x_wconf 90' lang='lat' dir='ltr'><strong><em>in</em></strong></span> <span class='ocrx_word' id='word_1_276' title='bbox 1797 2816 1887 2848; x_wconf 78' lang='lat' dir='ltr'><strong><em>ras,</em></strong></span> <span class='ocrx_word' id='word_1_277' title='bbox 1919 2802 1995 2848; x_wconf 90' lang='lat' dir='ltr'><strong><em>W.</em></strong></span> 
     </span>
    </p>

    <p class='ocr_par' dir='ltr' id='par_1_16' title="bbox 301 2860 1996 2982">
     <span class='ocr_line' id='line_1_34' title="bbox 364 2860 1996 2923; baseline -0.004 -12"><span class='ocrx_word' id='word_1_278' title='bbox 364 2871 433 2911; x_wconf 89' lang='grc'><strong><em>19.</em></strong></span> <span class='ocrx_word' id='word_1_279' title='bbox 472 2865 682 2923; x_wconf 88' lang='grc' dir='ltr'><strong><em>ΜΙΗΖ]</em></strong></span> <span class='ocrx_word' id='word_1_280' title='bbox 723 2863 911 2921; x_wconf 79' lang='lat' dir='ltr'>scripsi3</span> <span class='ocrx_word' id='word_1_281' title='bbox 959 2866 1084 2921; x_wconf 89' lang='lat' dir='ltr'><strong><em>ME,</em></strong></span> <span class='ocrx_word' id='word_1_282' title='bbox 1119 2867 1208 2908; x_wconf 91' lang='lat' dir='ltr'><strong><em>HZ</em></strong></span> <span class='ocrx_word' id='word_1_283' title='bbox 1247 2863 1361 2919; x_wconf 81' lang='lat' dir='ltr'><strong><em>Wp,</em></strong></span> <span class='ocrx_word' id='word_1_284' title='bbox 1515 2867 1585 2908; x_wconf 84' lang='lat'><strong><em>23.</em></strong></span> <span class='ocrx_word' id='word_1_285' title='bbox 1624 2860 1732 2921; x_wconf 86' lang='grc' dir='ltr'><strong><em>τήν]</em></strong></span> <span class='ocrx_word' id='word_1_286' title='bbox 1766 2875 1914 2920; x_wconf 88' lang='lat' dir='ltr'><strong>comp.</strong></span> <span class='ocrx_word' id='word_1_287' title='bbox 1947 2877 1996 2920; x_wconf 90' lang='grc' dir='ltr'><strong><em>Ρ,</em></strong></span> 
     </span>
     <span class='ocr_line' id='line_1_35' title="bbox 301 2925 464 2982; baseline 0.006 -13"><span class='ocrx_word' id='word_1_288' title='bbox 301 2926 357 2982; x_wconf 85' lang='grc' dir='ltr'><strong><em>τῆ</em></strong></span> <span class='ocrx_word' id='word_1_289' title='bbox 389 2925 464 2970; x_wconf 89' lang='lat' dir='ltr'><strong><em>W.</em></strong></span> 
     </span>
    </p>
   </div>
  </div>
 </body>
</html>
