2046 3256
211 623 237 666 5

180 1067 236 1106 10

177 1629 232 1669 15

175 2074 232 2114 20

179 2516 234 2557 25

275 138 385 190 110
935 134 1314 181 FRAGMENTAL

271 257 442 327 τομῆς
483 254 749 324 δεύτερον
789 258 899 326 ἔχει
937 252 1144 319 τόπους
1184 242 1265 323 ιδ,
1304 256 1367 309 τὸ
1409 251 1470 308 δὲ
1509 253 1610 309 τοῦ
1648 254 1860 324 χωρίου
1896 257 1970 324 ἦ.

272 347 382 416 ἔχει
424 342 486 399 δὲ
527 343 619 399 διὰ
659 343 806 414 τόδε,
847 340 933 399 ὅτι
967 340 995 399 ὁ
1032 341 1078 409 ζ’
1112 344 1173 398 ἐν
1205 345 1280 417 τῷ
1312 344 1413 397 τοῦ
1446 344 1656 414 χωρίου
1687 338 1970 414 ἀποτομῆς

270 432 440 498 τόπος
485 436 879 505 παραλείπεται
928 429 1003 496 ὡς
1049 429 1317 503 φανερός·
1366 427 1466 485 ἐὰν
1513 428 1622 502 γὰρ
1665 432 1728 485 αἱ
1761 431 1969 505 παράλ-

269 528 431 593 ληλοι
455 520 767 594 ἀμφότεραι
793 520 880 577 ἐπὶ
897 518 964 576 τὰ
987 520 1197 592 πέρατα
1220 522 1516 590 πίπτωσιν,
1542 521 1633 575 οἵα
1650 515 1724 576 ἂν
1741 522 1968 593 διαχθῇ,

271 610 448 667 δοθὲν
503 608 801 682 ἀποτέμνει
853 613 1086 682 χωρίον·
1143 615 1270 664 ἴσον
1326 607 1434 680 γὰρ
1481 612 1694 678 γίνεται
1736 611 1813 684 τῷ
1859 605 1968 664 ὑπὸ

268 702 382 755 τῶν
429 698 632 771 μεταξὺ
676 702 790 755 τῶν
835 697 1092 772 περάτων
1130 697 1222 753 καὶ
1260 700 1358 768 τῆς
1395 695 1730 770 ἀμφοτέρων
1767 699 1881 753 τῶν
1914 698 1971 764 ἐξ

269 785 442 860 ἀρχῆς
486 796 554 861 τῇ
600 788 759 844 θέσει
806 790 1091 842 δοθεισῶν
1137 785 1380 841 εὐθειῶν
1429 787 1727 858 συμβολῆς.
1804 786 1866 841 ἐν
1907 785 1971 841 δὲ

267 879 343 952 τῷ
394 875 569 947 λόγου
624 874 908 947 ἀποτομῆς
964 874 1149 931 οὐκέτι
1198 872 1418 946 ὁμοίως.
1506 871 1599 929 διὰ
1647 876 1813 930 τοῦτο
1863 867 1968 930 οὗν

267 966 489 1037 προέχει
534 964 712 1021 τόπον
761 966 860 1019 ἕνα
899 967 979 1030 εἰς
1009 967 1071 1019 τὸ
1114 964 1355 1035 ἕβδομον
1393 966 1498 1018 τοῦ
1540 963 1829 1034 δευτέρου,
1876 962 1968 1018 καὶ

267 1052 334 1109 τὰ
373 1052 542 1109 λοιπὰ
581 1051 718 1109 ὄντα
757 1051 824 1108 τὰ
865 1050 1020 1108 αὐτά.

663 1218 751 1271 De
793 1217 1079 1270 sectione
1121 1217 1570 1269 determinata.

382 1337 465 1390 16.
506 1337 723 1406 Pappus
762 1335 892 1405 VII,
931 1336 964 1388 9
1004 1354 1053 1404 p.
1097 1334 1226 1404 642,
1271 1335 1338 1387 19
1383 1353 1482 1404 sq.:

371 1435 530 1509 Ἑξῆς
567 1440 786 1501 τούτοις
825 1435 1198 1491 ἀναδέδονται
1237 1438 1349 1506 τῆς
1389 1435 1831 1506 διωρισμένης
1866 1456 1965 1490 το-

265 1530 385 1599 μῆς
424 1530 647 1598 βιβλία
678 1515 732 1597 β,
774 1518 855 1581 ὧν
896 1522 1102 1597 ὁμοίως
1139 1535 1256 1589 τοῖς
1287 1522 1562 1596 πρότερον
1594 1527 1729 1594 μίαν
1760 1523 1963 1596 πρότα-

266 1632 358 1671 σιν
412 1614 678 1697 πάρεστιν
733 1616 941 1685 λέγειν,
1006 1615 1396 1684 διεζευγμένην
1451 1611 1513 1668 δὲ
1566 1610 1796 1683 ταύτην·
1857 1612 1964 1683 τὴν

266 1708 538 1760 δοθεῖσαν
570 1704 804 1775 ἄπειρον
837 1702 1070 1758 εὐθεῖαν
1104 1703 1190 1758 ἑνὶ
1222 1705 1429 1776 σημείῳ
1454 1711 1656 1772 τεμεῖν,
1689 1697 1829 1756 ὥστε
1852 1702 1968 1756 τῶν

265 1792 820 1864 ἀπολαμβανομένων
854 1790 1098 1847 εὐθειῶν
1131 1794 1268 1862 πρὸς
1290 1801 1407 1855 τοῖς
1432 1787 1515 1845 ἐπ’
1546 1787 1717 1861 αὐτῆς
1741 1792 1962 1844 δοθεῖσι

266 1886 514 1954 σημείοις
556 1880 681 1953 ῆτοι
719 1883 780 1936 τὸ
822 1880 932 1936 ἀπὸ
973 1883 1100 1951 μιᾶς
1138 1879 1491 1952 τετράγωνον
1531 1875 1565 1949 ἢ
1605 1880 1667 1932 τὸ
1708 1875 1815 1933 ὑπὸ
1857 1876 1963 1933 δύο

265 1970 821 2043 ἀπολαμβανομένων
866 1969 1264 2041 περιεχόμενον
1313 1966 1674 2040 ὀρθογώνιον
1719 1967 1963 2023 δοθέντα

263 2059 434 2131 λόγον
470 2063 615 2130 ἔχειν
647 2055 771 2129 ῆτόι
801 2059 942 2131 πρὸς
971 2061 1033 2113 τὸ
1066 2058 1174 2114 ἀπὸ
1206 2060 1334 2129 μιᾶς
1363 2054 1715 2129 τετράγωνον
1754 2054 1788 2126 ἢ
1823 2057 1962 2127 πρὸς

263 2153 325 2205 τὸ
374 2146 481 2204 ὑπὸ
530 2150 658 2219 μιᾶς
704 2146 1242 2218 ἀπολαμβανομένης
1287 2146 1379 2201 καὶ
1418 2148 1516 2216 τῆς
1555 2146 1656 2211 ἔξω
1698 2147 1964 2214 δοθείσης

263 2235 298 2310 ἢ
353 2240 490 2311 πρὸς
543 2239 604 2291 τὸ
653 2234 762 2291 ὑπὸ
811 2236 914 2291 δύο
964 2233 1516 2307 ἀπολαμβανομένων
1564 2230 1960 2305 περιεχόμενον

266 2324 644 2400 ὀρθογώνιον,
687 2324 775 2396 ἐφ’
823 2322 1060 2396 ὁπότερα
1094 2323 1197 2395 χρὴ
1230 2326 1344 2379 τῶν
1378 2322 1668 2377 δοθέντων
1701 2323 1962 2391 σημείων.

266 2415 360 2471 καὶ
390 2414 593 2485 ταύτης
624 2411 718 2468 ἅτε
752 2413 838 2479 δὶς
870 2412 1254 2485 διεζευγμένης
1276 2410 1368 2466 καὶ
1391 2414 1730 2483 περισκελεῖς
1754 2410 1960 2478 διορισ-

269 2500 408 2575 μοὺς
433 2504 663 2573 ἐχούσης
689 2500 783 2556 διὰ
807 2500 1085 2557 πλειόνων
1110 2498 1144 2572 ἡ
1173 2500 1338 2565 δεῖξις
1361 2498 1594 2569 γέγονεν
1620 2498 1675 2564 ἐξ
1699 2493 1957 2567 ἀνάγκης.

386 2700 425 2740 2.
460 2693 565 2751 τοῦ]
593 2693 682 2739 del.
708 2693 924 2738 Hultsch.
1019 2697 1088 2737 10.
1115 2687 1262 2749 αὗταί]
1288 2690 1406 2735 coni.
1431 2688 1645 2744 Hultsch,
1679 2684 1794 2732 ὄντα
1820 2686 1954 2732 codd.

264 2754 445 2799 Deinde
488 2753 659 2797 lacuna
705 2751 891 2796 uidetur
938 2765 1036 2795 esse
1087 2751 1248 2822 (uelut
1281 2746 1333 2793 τὸ
1382 2746 1654 2805 προτέρημα
1701 2746 1953 2803 διατηρεῖ).

327 2818 395 2858 13.
432 2808 539 2869 ἑξῆς
571 2811 625 2856 δέ
657 2811 855 2855 Hultseh
888 2824 994 2854 cum
1026 2805 1509 2854 31.ἀναδέδοται
1540 2805 1752 2850 Hultsch.
1882 2808 1954 2848 20.

265 2868 561 2944 τετράγωνον
587 2896 642 2903 -
667 2875 737 2915 2.1
765 2870 894 2927 μιᾶς]
921 2869 1124 2913 Hultsch
1150 2883 1254 2913 cum
1280 2867 1507 2921 Simsono,
1541 2879 1630 2911 om
1657 2864 1788 2910 codd.
1881 2867 1954 2907 23.

268 2926 460 2987 ὁπότερ’
490 2947 550 2974 αν
582 2930 668 2988 χρῇ
699 2927 915 2974 Hultsch.
