2020 3236
150 1143 206 1183 10

151 1588 206 1630 15

151 2036 208 2076 20

150 2481 207 2520 25

239 111 348 164 278
710 114 1150 160 COMMENTARIA
1180 116 1462 170 ANTIQUA.

239 232 500 302 ἐναλλάξ,
550 228 624 298 ὡς
671 229 704 304 ἡ
747 239 863 288 ΕΔ
900 235 1041 306 πρὸς
1078 241 1205 307 ΔΖ,
1245 235 1531 292 τουτέστιν
1570 232 1605 308 ἡ
1646 240 1756 292 ΑΒ
1795 234 1937 309 πρὸς

238 325 360 391 ΒΓ,
399 318 433 392 ἡ
475 327 592 376 ΛΑ
630 320 769 394 πρὸς
810 330 953 380 AM.

351 407 559 482 ὁμοίως
598 411 677 482 δέ,
716 408 822 468 κᾶν
856 410 885 468 ὁ
916 413 1272 485 γραφόμενος
1309 413 1434 487 περὶ
1465 412 1570 486 τὴν
1602 419 1711 469 ΖΕ
1736 412 1938 487 κύκλος

238 499 429 571 τέμνοι
467 501 573 572 τὴν
612 507 739 573 ΑΒ,
779 501 840 557 τὸ
883 500 1018 558 αὐτὸ
1060 502 1430 575 δειχθήσεται.

906 670 1023 731 Εἰς
1060 665 1131 722 τὸ
1173 667 1272 722 νε’.

351 768 481 823 Καὶ
536 769 638 824 ἐπὶ
693 772 806 841 τῆς
851 776 969 824 ΑΔ
1015 769 1371 841 γεγράφθω
1420 770 1819 842 ἡμικύκλιον
1865 769 1936 827 τὸ

238 862 438 928 ΑΖΔ,
486 857 595 913 καὶ
642 855 824 930 ἤχθω
871 880 968 923 τις
1014 862 1107 923 εἰς
1145 856 1216 914 τὸ
1254 856 1649 930 ἡμικύκλιον
1686 858 1939 931 παράλ-

237 951 436 1016 ληλος
480 949 555 1020 τῇ
603 953 711 1002 ΑΘ
757 944 791 1019 ἡ
841 953 961 1002 ΖΗ
998 951 1285 1004 ποιοῦσα
1329 947 1444 1004 τὸν
1489 951 1606 1005 τοῦ
1653 947 1776 1005 ἀπὸ
1827 954 1946 1004 ΖΗ

239 1032 401 1106 πρὸς
438 1034 508 1091 τὸ
547 1033 670 1091 ὑπὸ
708 1042 891 1091 ΛΗΑ
931 1036 1134 1108 λόγον
1171 1036 1287 1092 τὸν
1325 1034 1528 1093 αὐτὸν
1566 1040 1649 1110 τῷ
1681 1041 1798 1110 τῆς
1829 1041 1939 1094 ΓΑ

238 1122 399 1195 πρὸς
437 1126 555 1196 τὴν
597 1129 956 1182 διπλασίαν
994 1129 1105 1198 τῆς
1143 1130 1283 1196 ΑΔ]
1325 1130 1462 1183 ἔστω
1502 1124 1836 1198 ἡμικύκλιον
1874 1125 1937 1183 τὸ

239 1219 415 1270 ΑΒΓ
446 1215 533 1270 ἐπὶ
574 1216 876 1287 διαμέτρου
907 1219 1005 1287 τῆς
1035 1220 1160 1286 ΑΓ,
1202 1213 1231 1271 ὁ
1266 1215 1328 1271 δὲ
1360 1215 1554 1281 δοθεὶς
1583 1214 1752 1286 λόγος
1782 1213 1813 1271 ὁ
1843 1218 1941 1287 τῆς

240 1309 345 1358 ΕΖ
383 1302 522 1371 πρὸς
562 1309 690 1375 ΖΗ,
729 1304 822 1360 καὶ
863 1305 996 1361 δέον
1038 1310 1175 1361 ἔστω
1214 1307 1444 1377 ποιῆσαι
1482 1303 1550 1360 τὰ
1588 1309 1938 1377 προκείμενα.

350 1398 560 1450 κείσθω
606 1396 672 1466 τῇ
719 1400 826 1449 ΕΖ
873 1400 964 1465 ἴση
1015 1392 1047 1466 ἡ
1098 1400 1225 1465 ΖΘ,
1271 1394 1363 1450 καὶ
1409 1393 1702 1466 τετμήσθω
1748 1391 1783 1466 ἡ
1827 1399 1949 1450 ΘΗ

241 1485 369 1554 δίχα
406 1483 545 1538 κατὰ
584 1481 648 1538 τὸ
682 1489 754 1554 Κ,
795 1483 887 1538 καὶ
927 1484 1089 1555 ἤχθω
1131 1485 1192 1539 ἐν
1230 1486 1305 1559 τῷ
1345 1481 1652 1559 ἡμικυκλίῳ
1691 1486 1939 1555 τυχοῦσα

240 1568 437 1627 εὐθεῖα
484 1570 518 1643 ἡ
568 1577 669 1628 ΓΒ
717 1574 779 1628 ἐν
825 1578 1005 1647 γωνίᾳ
1050 1575 1117 1646 τῇ
1162 1570 1273 1629 ὑπὸ
1313 1577 1503 1642 ΑΓΒ,
1550 1572 1642 1628 καὶ
1689 1570 1801 1628 ἀπὸ
1838 1575 1942 1629 τοῦ

239 1667 292 1715 Λ
329 1661 565 1733 κέντρου
603 1658 763 1732 ἤχθω
806 1660 889 1717 ἐπ’
934 1660 1110 1733 αὐτὴν
1148 1663 1385 1727 κάθετος
1416 1660 1450 1732 ἡ
1485 1666 1604 1716 ΛΣ
1629 1661 1722 1717 καὶ
1747 1662 1939 1733 ἐκβλη-

238 1757 406 1805 θεῖσα
447 1752 805 1821 συμβαλλέτω
844 1760 911 1825 τῇ
952 1755 1278 1825 περιφερείᾳ
1315 1750 1454 1806 κατὰ
1492 1754 1555 1807 τὸ
1594 1756 1671 1821 Ν,
1708 1750 1803 1806 καὶ
1843 1752 1938 1806 διὰ

239 1842 341 1894 τοῦ
388 1845 454 1894 Ν
499 1842 566 1912 τῇ
613 1845 718 1896 ΓΒ
773 1840 1127 1913 παράλληλος
1180 1838 1339 1911 ἤχθω
1387 1837 1422 1910 ἡ
1468 1844 1624 1894 ΝΜ·
1669 1838 1940 1911 ἐφάψεται

240 1926 349 2001 ἄρα
387 1931 488 1984 τοῦ
526 1928 752 1985 κύκλου.
819 1929 913 1985 καὶ
943 1928 1292 2000 πεποιήσθω,
1334 1926 1473 1999 ὡςὴ
1510 1934 1613 1983 ΖΘ
1643 1931 1781 2001 πρὸς
1811 1933 1939 1998 ΘΚ,

240 2014 272 2089 ἡ
317 2019 441 2080 ΜΞ
474 2022 611 2090 πρὸς
650 2020 788 2087 ΞΝ,
826 2018 918 2074 καὶ
958 2023 1167 2074 κείσθω
1207 2022 1273 2092 τῇ
1314 2019 1434 2081 ΞΝ
1466 2025 1557 2089 ἴση
1598 2014 1632 2088 ἡ
1673 2022 1806 2088 ΝΟ,
1846 2017 1938 2072 καὶ

240 2106 665 2179 ἐπεζεύχθωσαν
713 2110 776 2162 αἱ
817 2109 949 2179 ΛΞ,
997 2113 1109 2163 ΛΟ
1153 2108 1457 2179 τέμνουσαι
1501 2110 1565 2163 τὸ
1603 2103 1938 2178 ἡμικύκλιον

238 2194 377 2251 κατὰ
415 2198 481 2252 τὰ
522 2203 597 2267 Π,
629 2203 690 2268 Ρ,
721 2196 815 2252 καὶ
855 2196 1167 2269 ἐπεζεύχθω
1207 2193 1241 2268 ἡ
1282 2202 1469 2252 ΠΡΔ.

353 2286 468 2341 ἐπεὶ
517 2279 623 2342 οὖν
671 2294 763 2357 ἴση
814 2286 963 2342 ἐστὶν
1012 2284 1044 2357 ἡ
1094 2287 1206 2349 ΞΝ
1244 2288 1310 2358 τῇ
1351 2291 1411 2340 Ν
1423 2291 1494 2355 Ο,
1540 2283 1703 2355 κοινὴ
1746 2283 1808 2339 δὲ
1845 2283 1939 2339 καὶ

239 2378 377 2445 πρὸς
417 2372 596 2445 ὀρθὰς
633 2373 668 2446 ἡ
708 2379 845 2445 ΝΛ,
885 2382 975 2446 ἴση
1017 2373 1126 2446 ἄρα
1163 2374 1256 2430 καὶ
1295 2371 1329 2445 ἡ
1370 2379 1482 2430 ΛΟ
1519 2375 1585 2446 τῇ
1626 2374 1746 2436 ΛΞ.
1824 2375 1939 2428 ἔστι

242 2462 303 2518 δὲ
349 2464 441 2517 καὶ
489 2462 523 2533 ἡ
571 2469 696 2518 ΛΠ
735 2467 801 2536 τῇ
843 2470 966 2519 ΛΡ·
1012 2463 1106 2519 καὶ
1151 2461 1317 2534 λοιπὴ
1355 2460 1465 2534 ἄρα
1503 2459 1538 2533 ἡ
1579 2467 1696 2516 ΠΟ
1733 2463 1799 2534 τῇ
1840 2462 1941 2524 ΡΞ

364 2631 402 2670 1.
437 2631 480 2670 Δ
490 2630 539 2682 Ζ,
569 2625 829 2684 τουτέστιν]
858 2626 1036 2684 scripsi,
1070 2629 1213 2670 AZT
1241 2621 1350 2670 οὔτε
1376 2619 1502 2670 ἐστίν
1526 2623 1639 2680 Wp.
1747 2627 1790 2668 2.
1822 2622 1936 2681 ΛΔ]

241 2691 277 2729 Α
289 2690 330 2729 Δ
362 2685 483 2743 Wp,
524 2700 639 2731 corr.
673 2684 849 2730 Comm.
1002 2692 1043 2730 4.
1077 2684 1256 2743 τέμνοι]
1289 2683 1404 2741 Wp.
1556 2687 1597 2727 5.
1639 2679 1735 2740 νε’]
1768 2683 1818 2725 in
1849 2695 1937 2726 ras.

242 2744 362 2801 plur.
387 2744 482 2790 litt.
508 2745 582 2790 W.
706 2749 748 2788 9.
779 2744 864 2804 τῷ]
889 2744 940 2788 in
963 2760 1051 2790 ras.
1076 2761 1137 2790 m.
1165 2748 1188 2787 1
1218 2744 1291 2788 W.
1415 2746 1484 2787 15.
1517 2742 1675 2800 ΑΓΒ]
1702 2755 1727 2785 e
1753 2754 1866 2785 corr.
1892 2755 1939 2796 p.

306 2809 374 2849 16.
406 2805 524 2863 ΛΣ]
559 2803 739 2861 scripsi,
771 2806 860 2848 ΛΕ
891 2804 1005 2860 Wp.
1143 2809 1214 2848 22.
1248 2807 1297 2858 P,
1321 2804 1373 2846 H
1400 2801 1575 2846 Comm.
1709 2805 1780 2844 23.
1815 2798 1936 2858 ΝΟ]

243 2865 343 2908 ΝΘ
376 2864 498 2922 Wp,
546 2878 659 2910 corr.
693 2862 868 2909 Comm.
1021 2868 1092 2908 24.
1139 2862 1256 2920 ΝΛ]
1298 2865 1399 2905 ΜΛ
1437 2861 1559 2917 Wp,
1610 2873 1724 2904 corr.
1759 2857 1937 2903 Comm.

304 2920 428 2967 ἔστιν
459 2923 534 2968 W.
657 2926 731 2968 25.
761 2923 816 2981 τῇ
838 2923 965 2981 (pr.)]
999 2924 1074 2980 ἴση
1106 2923 1161 2981 τῇ
1194 2921 1379 2977 Halley.
