2046 3256
257 151 368 203 224
728 149 1166 194 οοΜΜΕΝΤΑΒῙΑ
1196 149 1478 200 ANTIQUA.

929 299 1045 361 Εἰς
1082 294 1153 352 τὸ
1197 295 1288 355 ις’.

353 401 538 458 Ἴσον
594 400 718 472 ἄρα
770 397 1019 456 τὸ<ὑπὸ
1069 405 1242 455 ΒΚΑ
1295 402 1377 475 τῷ
1429 397 1555 454 ὑπὸ
1603 403 1794 454 ΑΛΒ·
1851 406 1957 470 ἴση

261 492 387 562 ἄρα
434 491 614 546 ἐστὶν
661 488 695 561 ἡ
746 494 860 544 KA
906 491 976 562 τῇ
1025 495 1153 544 ΒΛ·
1204 489 1319 543 ἐπεὶ
1365 485 1471 558 γὰρ
1516 486 1579 544 τὸ
1627 484 1738 543 ὑπὸ
1785 493 1960 543 BKA

259 584 334 657 τῷ
374 578 484 636 ὑπὸ
526 584 696 635 ΑΛΒ
738 580 889 634 ἐστιν
930 586 1081 648 ἴσον,
1125 576 1411 647 ἀνάλογον
1450 580 1620 646 ἔσται,
1660 574 1736 642 ὡς
1773 575 1808 647 ἡ
1849 582 1959 632 ΚΒ

203 686 228 724 5
261 671 399 742 πρὸς
438 675 576 738 ΑΛ,
621 666 655 739 ἡ
697 674 803 723 ΛΒ
843 665 981 739 πρὸς
1019 671 1147 722 ΑΚ.
1223 666 1316 721 καὶ
1357 665 1616 735 ἐναλλάξ,
1657 662 1733 731 ὡς
1769 663 1804 737 ἡ
1845 670 1958 721 ΚΒ

261 758 399 829 πρὸς
440 764 574 828 ΒΛ,
614 754 648 828 ἡ
691 762 805 812 ΛΑ
844 755 983 825 πρὸς
1025 760 1158 810 ΑΚ·
1201 755 1295 811 καὶ
1336 755 1619 825 συνθέντι,
1660 752 1735 820 ὦς
1771 751 1806 825 ἡ
1846 758 1961 808 ΚΛ

263 846 402 918 πρὸς
440 853 573 918 ΛΒ,
621 844 655 916 ἡ
698 851 815 900 ΛΚ
858 843 997 917 πρὸς
1035 851 1174 901 ΚΑ·
1221 851 1311 915 ἴση
1353 844 1461 914 ἄρα
1501 842 1535 915 ἡ
1577 849 1692 899 ΚΑ
1730 847 1796 916 τῇ
1837 849 1959 899 ΒΛ.

375 939 464 991 δεῖ
508 938 823 1006 ἐπιστῆσαι,
873 932 957 990 ὅτι
1005 936 1066 989 ἐν
1115 937 1191 1010 τῷ
1231 932 1702 1008 πεντεκαιδεκάτῳ
1749 932 1840 988 καὶ
1882 932 1960 987 ἑκ-

261 1023 569 1098 καιδεκάτῳ
609 1023 935 1095 θεωρήματι
974 1022 1188 1078 σκοπὸν
1225 1027 1348 1094 ἔσχε
1382 1024 1606 1093 ζητῆσαι
1636 1022 1734 1087 τὰς
1764 1027 1958 1077 καλου-

182 1128 236 1167 10
268 1113 437 1184 μένας
476 1113 737 1183 δευτέρας
774 1112 867 1167 καὶ
899 1117 1151 1182 συζυγεῖς
1185 1112 1514 1181 διαμέτρους
1543 1114 1638 1182 τῆς
1670 1112 1962 1176 ἐλλείψεως

263 1203 355 1258 καὶ
416 1205 514 1273 τῆς
567 1200 880 1273 ὑπερβολῆς
933 1200 1058 1272 ἤτοι
1111 1204 1224 1256 τῶν
1281 1199 1701 1271 ἀντικειμένων·
1764 1197 1799 1270 ἡ
1854 1198 1960 1270 γὰρ

263 1290 554 1363 παραβολὴ
590 1290 694 1347 οὐκ
726 1295 835 1362 ε”χει
866 1290 1132 1361 τοιαύτην
1165 1289 1481 1360 διάμετρον.
1541 1288 1960 1361 παρατηρητέον

266 1382 345 1450 δέ,
387 1378 472 1436 ὅτι
512 1382 575 1435 αἱ
610 1379 711 1451 μὲν
752 1383 853 1450 τῆς
885 1380 1176 1446 ἐλλείψεως
1209 1377 1496 1450 διάμετροι
1529 1376 1684 1444 ἐντὸς
1715 1376 1961 1448 ἀπολαμ-

265 1468 555 1540 βάνονται,
596 1471 657 1523 αἱ
695 1468 757 1524 δὲ
794 1471 892 1539 τῆς
929 1466 1245 1538 ὑπερβολῆς
1282 1468 1375 1522 καὶ
1414 1470 1527 1523 τῶν
1563 1466 1961 1538 ἀντικειμένων

180 1571 235 1610 15
268 1557 435 1622 ε’κτός.
496 1558 960 1630 καταγράφοντας
1001 1556 1062 1612 δὲ
1102 1560 1190 1612 δεῖ
1225 1558 1321 1622 τὰς
1352 1556 1455 1628 μὲν
1483 1553 1613 1628 παρ’
1657 1552 1723 1621 ἃς
1755 1555 1960 1611 δύναν-

264 1668 353 1700 ται
392 1646 517 1716 ἤτοι
564 1646 662 1711 τὰς
701 1644 902 1718 ὀρθίας
939 1645 1180 1715 πλευρὰς
1218 1644 1357 1715 πρὸς
1398 1643 1578 1716 ὀρθὰς
1616 1643 1831 1701 τάττειν
1869 1643 1962 1698 καὶ

265 1735 529 1806 δηλονότι
576 1735 669 1790 καὶ
710 1733 808 1799 τὰς
846 1734 1238 1805 παραλλήλους
1277 1732 1493 1804 αὐταῖς,
1540 1733 1637 1799 τὰς
1678 1733 1740 1789 δὲ
1777 1754 1960 1804 τεταγ·

266 1824 446 1894 μένως
493 1825 873 1895 καταγομένας
925 1825 1014 1878 καὶ
1062 1822 1161 1888 τὰς
1209 1823 1470 1894 δευτέρας
1517 1823 1848 1893 διαμέτρους
1894 1818 1962 1877 οὐ

264 1911 508 1977 πάντως·
564 1911 803 1983 μάλιστα
856 1910 963 1982 γὰρ
1021 1913 1081 1966 έν
1137 1911 1287 1982 ὀξείᾳ
1340 1915 1519 1983 γωνίᾳ
1571 1913 1659 1965 δεῖ
1700 1909 1962 1980 κατάγειν

179 2014 237 2054 20
269 1999 470 2071 αὐτάς,
526 2004 620 2057 ἵνα
675 2011 871 2072 σαφεῖς
926 1994 1067 2056 ὦσιν
1119 2011 1236 2065 τοῖς
1290 1999 1728 2072 ἐντυγχάνουσιν
1782 2000 1960 2068 ἕτεραι

267 2083 431 2145 οὖσαι
469 2093 583 2145 τῶν
623 2091 993 2162 παραλλήλων
1033 2093 1098 2161 τῇ
1141 2088 1313 2163 ὀρθία
1351 2089 1576 2162 πλευρᾷ.

381 2282 538 2338 Μετὰ
594 2282 656 2339 τὸ
714 2284 1103 2339 ἑκκαιδέκατον
1149 2281 1419 2352 θεώρημα
1471 2280 1641 2349 ὅρους
1687 2282 1962 2337 ἐκτίθεται

267 2372 393 2440 περὶ
447 2375 546 2443 τῆς
591 2374 936 2443 καλουμένης
992 2371 1251 2441 δευτέρας
1306 2370 1606 2440 διαμέτρου
1658 2371 1756 2440 τῆς
1800 2366 1962 2439 ὑπερ·

269 2463 438 2530 βολῆς
474 2460 566 2514 καὶ
606 2463 703 2531 τῆς
743 2463 1052 2529 ἐλλείψεως,
1099 2456 1197 2524 οὓς
1237 2457 1330 2513 διὰ
1371 2460 1728 2529 καταγραφῆς
1766 2467 1964 2527 σαφεῖς

179 2561 236 2601 25
267 2547 588 2619 ποιήσομεν.

383 2641 520 2692 ἔστω
568 2634 849 2707 ὑπερβολὴ
900 2635 933 2708 ἡ
979 2641 1107 2705 ΑΒ,
1156 2635 1449 2706 διάμετρος
1497 2634 1558 2690 δὲ
1606 2630 1777 2704 αὐτῆς
1823 2637 1961 2689 ἔστω

270 2724 303 2796 ῆ
346 2730 540 2794 ΓΒΛ,
587 2723 717 2795 παρ’
763 2722 833 2794 ἣν
882 2725 942 2780 δὲ
991 2725 1265 2780 δύνανται
1312 2726 1374 2778 αἱ
1419 2723 1504 2778 ἐπὶ
1552 2722 1655 2792 τὴν
1697 2726 1805 2776 ΒΓ
1836 2743 1962 2776 κατ-

392 2893 430 2932 7.
467 2892 554 2932 KA
581 2888 727 2946 (alt.)]
764 2888 868 2932 ΚΘ·
890 2887 947 2930 W
980 2889 1027 2931 εὴ
1057 2902 1089 2943 p
1121 2888 1188 2941 (Θ
1227 2900 1252 2931 e
1286 2898 1399 2931 corr.
1434 2900 1494 2929 m.
1531 2886 1596 2939 1);
1637 2896 1753 2928 corr.
1786 2881 1959 2928 Comm.

274 2946 386 3004 (ak).
477 2952 519 2993 8.
557 2944 850 3007 ἕκκεδεκάτφ
879 2946 950 2989 W.
1044 2952 1083 2991 9.
1119 2944 1253 3002 ἔσχεν
1278 2945 1350 2990 W.
1448 2948 1515 2988 12.
1548 2942 1641 2999 Mg.
1674 2941 1718 2998 Q!
1748 2957 1808 2986 m.
1837 2947 1858 2986 1
1886 2942 1960 2986 W.
