2046 3224
705 175 1168 219 PROLEGOMENA.
1515 200 1522 205 —
1546 172 1782 218 LXXXIII

102 290 160 335 de
191 292 319 348 prete
351 290 408 335 de
438 304 570 347 msa,
609 290 741 335 Paris
776 295 912 347 1888,
950 307 994 349 p.
1029 293 1123 349 29):
1175 295 1308 347 1553,
1351 291 1426 344 die
1459 297 1483 336 7
1518 291 1705 348 augusti
1736 325 1745 335 .
1774 327 1784 336 .

102 357 354 403 cardinalis
387 358 431 402 S.
456 356 628 412 Angeli
660 391 700 403 ..
732 357 902 401 habuit
933 391 943 402 .
964 391 974 401 .
1006 358 1179 402 librum
1211 358 1436 414 Apolonis
1460 357 1628 414 Pergei
1659 357 1785 401 coni-

100 437 258 469 corum
296 425 522 469 insertum
553 423 753 468 Heliano
795 425 851 468 de
890 424 1256 480 proprietatibus
1290 424 1560 469 animalium
1601 425 1648 469 et
1680 423 1785 467 aliis

101 490 342 535 autoribus
372 503 456 547 per
488 489 727 534 dominum
759 489 1032 534 Federicum
1064 505 1196 534 suum
1228 490 1509 535 familiarem
1543 490 1642 548 (cfr.
1671 490 1782 535 ibid.

99 571 145 613 p.
163 561 220 602 28
243 572 315 609 nr.
333 561 438 601 125:
462 555 709 600 Federicus
729 556 1092 601 Commandinus
1109 556 1386 601 familiarius
1403 571 1514 602 suae
1530 558 1583 602 D.
1601 556 1786 613 Rm0).*)

147 627 149 630 ⁴
221 621 545 667 Commandini
577 637 717 679 opera
746 622 839 666 nisi
872 624 1001 679 sunt,
1034 622 1297 679 quicunque
1329 625 1496 680 postea
1527 623 1700 668 Conica
1790 630 1963 682 Cosimug

101 689 391 746 adtigerunt‚
439 702 637 745 quorum
683 689 734 733 hi
772 688 888 733 mihi
930 689 1278 734 innotueruntz·
1314 689 1471 734 Codex
1511 689 1698 734 scholae
1771 675 1965 709 deNofen

100 755 309 800 medicae
348 755 792 812 Montepessulanae
825 759 910 800 167
950 756 1160 800 continet
1199 754 1369 800 Conica
1408 770 1513 799 cum
1554 768 1787 800 commen-

99 821 232 865 tariis
270 820 457 865 Eutocii
496 825 543 865 et
574 821 896 865 Commandini
935 821 1132 878 „ridotti
1171 822 1251 866 dal
1289 822 1439 866 latino
1471 821 1579 866 nell'
1613 820 1789 865 idioma

99 886 298 932 italiano
339 888 399 931 da
433 886 617 932 Cosimo
659 887 716 932 de
747 888 911 932 Noferi
950 889 1011 932 ad
1049 889 1259 933 instanza
1301 887 1379 932 del
1418 887 1462 933 S.
1497 886 1628 933 Giov.
1660 886 1787 931 Batt.

99 953 318 998 Micatori
341 953 595 999 Urbinate“
622 967 741 999 saec.
766 954 898 998 XVII
928 955 1204 1012 (Catalogue
1229 955 1311 999 des
1335 965 1444 998 mss.
1470 955 1550 998 des
1575 951 1792 1011 departe-'

100 1022 253 1065 ments
283 1019 305 1063 I
335 1033 379 1077 p·.
405 1022 526 1076 352).

174 1084 177 1088 ’
219 1085 459 1143 Apollonii
481 1085 677 1143 Pergaei
702 1085 976 1132 Conicorum
1002 1087 1112 1131 libri
1133 1087 1198 1132 IV
1223 1102 1327 1132 cum
1353 1085 1701 1132 commentariis
1747 1093 1965 1128 Richardus

14 1168 30 1201 ,“
101 1151 285 1197 Claudii
315 1152 554 1208 Richardi,
585 1152 871 1210 Antuerpiae
906 1157 1033 1198 1655.
1081 1153 1285 1198 Memum
1319 1155 1367 1198 et
1399 1152 1783 1197 Commandinum

97 1218 197 1274 ipse
253 1220 587 1264 commemorat
639 1221 693 1264 ut
735 1225 963 1264 *auctores
1023 1233 1130 1263 suos
1171 1220 1408 1264 Admonit.
1456 1220 1518 1263 ad
1563 1219 1783 1262 lectorem

102 1286 214 1330 sect.
238 1284 344 1340 XV3
378 1285 460 1330 cfr.
484 1285 597 1329 ibid.
623 1286 735 1330 sect.
761 1285 910 1330 XVII:
945 1286 1251 1343 supponimus
1283 1286 1333 1329 in
1352 1285 1445 1329 hoc
1468 1287 1628 1330 nostro
1654 1283 1788 1328 Com-

100 1351 331 1396 mentario
355 1366 600 1396 numerum
617 1351 923 1408 ordinemque
940 1353 1314 1409 propositionum
1337 1351 1566 1395 librorum
1589 1353 1788 1407 quatuor

99 1416 356 1474 primorum
387 1418 626 1475 Apollonii
657 1418 790 1462 iuxta
821 1419 1074 1463 editionem
1106 1418 1294 1463 Eutocii
1326 1420 1374 1462 et
1405 1418 1665 1463 versionem
1696 1416 1787 1461 La-
1868 1456 1871 1459 .

99 1482 248 1527 tinam
279 1483 492 1528 Federici
525 1483 868 1540 Commandini‚
900 1485 1014 1529 licet
1044 1485 1363 1540 aestimemus,
1396 1486 1450 1529 ut
1478 1497 1563 1541 par
1594 1484 1686 1539 est,
1719 1482 1784 1527 al-

100 1550 250 1594 teram
281 1550 424 1594 Memi
454 1549 668 1595 Latinam
699 1550 974 1596 versionem.
1262 1597 1268 1602 „

216 1615 482 1673 Editionem
507 1616 731 1662 Graecam
757 1618 840 1662 sub
865 1618 1003 1662 finem
1035 1616 1212 1662 saeculi
1234 1616 1365 1661 XVII
1389 1615 1672 1661 moliebatur
1713 1624 1958 1660 Bernhardus

101 1680 355 1726 Edwardus
377 1681 687 1739 Bernhardus‚
720 1684 801 1740 qui
833 1685 889 1728 de
921 1683 1141 1729 subsidiis
1167 1684 1262 1728 suis
1293 1683 1410 1728 haec
1431 1682 1578 1727 tradit
1600 1681 1782 1738 (Fabri-

102 1746 199 1792 cius
238 1747 534 1794 Bibliotheca
573 1748 772 1806 Graeca,
820 1750 986 1794 Hamb.
1022 1755 1157 1806 1707,
1203 1750 1246 1793 Π
1284 1766 1327 1807 p.
1363 1752 1489 1806 56¹0:
1543 1748 1783 1806 Apollonii

102 1814 300 1871 Pergaei
332 1814 606 1861 Conicorum
635 1815 747 1861 libri
765 1812 869 1861 VII.
917 1817 1118 1871 quatuor
1150 1816 1339 1873 quidem
1369 1816 1548 1873 priores
1581 1814 1655 1859 Gr.
1681 1814 1783 1859 Lat.

103 1893 159 1924 ex
188 1880 400 1925 versione
431 1882 504 1927 Fr.
530 1881 1073 1938 Commandini‚q'Bonon.
1098 1886 1237 1937 1566,
1270 1883 1446 1927 collata
1477 1896 1583 1926 cum
1614 1881 1784 1926 versio-

101 1946 238 1990 nibus
277 1947 486 1991 Memmii
523 1950 574 1993 et
610 1948 885 2005 Maurolyci.
953 1947 1126 1993 Graece
1165 1962 1190 1993 e
1231 1949 1330 1993 cod.
1363 1963 1472 1993 mss,
1504 1947 1622 1991 Bibl.
1655 1945 1786 1991 Savi-

101 2011 254 2058 lianae
301 2015 351 2057 et
396 2014 514 2059 Bibl.
553 2014 793 2059 Leidensis
841 2017 889 2059 et
934 2015 1033 2060 cod.
1074 2015 1214 2072 Regis
1259 2013 1646 2059 christianissimi
1686 2016 1785 2057 103.

101 2078 244 2126 Labb.
276 2094 322 2136 P.
355 2084 454 2125 271.
525 2080 727 2125 Adnexis
768 2080 1102 2125 commentario
1133 2080 1320 2130 Eutocii
1350 2081 1450 2126 Lat.
1485 2094 1540 2124 ex
1572 2079 1786 2123 versione

106 2144 452 2203 Commandini,
498 2148 547 2191 et
586 2146 758 2191 Graece
800 2161 855 2191 ex
893 2147 995 2191 cod.
1034 2147 1084 2191 in
1122 2147 1260 2191 Arch.
1299 2146 1479 2192 Pembr.
1522 2150 1605 2189 169
1646 2147 1787 2201 atque

103 2211 229 2256 notis
259 2211 314 2258 D.
348 2211 514 2257 Savilii
549 2213 598 2257 et
626 2213 840 2257 aliorum.
910 2213 1024 2256 Tres
1058 2214 1215 2257 autem
1247 2213 1484 2268 sequiores
1513 2210 1647 2267 libri,
1688 2209 1786 2259 scil,

106 2281 146 2322 5.
181 2283 220 2323 6.
256 2284 280 2323 7
317 2280 442 2335 (nam
475 2280 668 2323 octavus
698 2279 794 2323 iam
827 2278 939 2322 olim
970 2279 1127 2336 periit)
1160 2278 1301 2324 Arab.
1336 2279 1385 2322 et
1415 2278 1518 2323 Lat.
1552 2291 1607 2322 ex
1638 2278 1789 2321 trans-

103 2343 282 2389 latione
305 2344 508 2389 Arabica
532 2345 646 2388 Beni
662 2344 810 2402 Musa,
835 2345 916 2400 qui
940 2343 1194 2390 editionem
1219 2341 1527 2389 Eutocianam
1552 2342 1789 2400 expressit,

106 2412 154 2455 et
198 2424 322 2455 nova
358 2409 572 2455 versione
610 2410 782 2455 Latina
828 2426 924 2455 una
967 2424 1072 2455 cum
1109 2411 1235 2455 notis
1275 2410 1567 2455 Abdolmelic
1607 2408 1789 2462 Arabis,

107 2476 188 2531 qui
218 2475 460 2533 Apollonii
491 2477 602 2523 Con.
634 2476 780 2521 libros
821 2479 1000 2534 septem
1037 2477 1087 2521 in
1120 2475 1445 2533 compendium
1484 2474 1689 2532 redegit,
1737 2489 1792 2518 ex

108 2543 209 2586 cod.
234 2557 317 2587 ms.
341 2542 474 2589 Bodl.
506 2545 606 2610 tum
640 2542 784 2587 etiam
817 2543 941 2587 notis
972 2542 1148 2587 Borelli
1177 2541 1506 2588 mathematici
1538 2541 1713 2598 egregii
1746 2542 1793 2584 et

227 2703 270 2760 ³³⁶)
303 2702 458 2748 Codex
489 2703 733 2749 restitutus
765 2705 838 2748 est
868 2707 1029 2761 „1553,
1063 2710 1088 2748 6
1119 2704 1429 2749 novembris“.
1482 2703 1607 2746 idem
1631 2714 1794 2749 rursus

110 2774 139 2805 a
177 2760 284 2818 „die
323 2766 377 2806 21
421 2762 653 2807 octobris“
692 2775 736 2807 a.
770 2766 883 2807 1557
931 2763 990 2807 ad
1036 2762 1191 2819 „diem
1231 2768 1287 2807 25
1326 2759 1621 2807 novembris“
1671 2760 1795 2814 apud

109 2820 357 2865 Camillum
384 2821 549 2865 Zaneti
579 2820 671 2865 fuit
701 2821 894 2878 (Omont
924 2822 954 2865 1.
983 2836 1018 2866 c.
1045 2837 1113 2866 nr.
1141 2825 1245 2878 131)
1278 2822 1327 2865 et
1357 2836 1385 2864 a
1418 2819 1523 2875 „die
1554 2823 1583 2860 4
1607 2831 1794 2861 novem—

109 2878 234 2923 bris“
278 2893 318 2924 a.
353 2883 467 2924 1555
507 2880 568 2924 ad
599 2880 828 2925 Calendas
860 2879 1046 2937 Apriles
1084 2884 1193 2925 1556
1226 2881 1350 2936 apud
1381 2878 1445 2923 Io.
1480 2878 1614 2934 Bapt.
1649 2877 1796 2920 Rasa-

110 2937 231 2981 rium
266 2938 456 2995 (Omont
486 2953 530 2994 p.
557 2940 647 2994 35).

1482 3022 1534 3063 f*
