2034 3216
212 156 295 209 26-
879 155 1158 200 ΚΩΝΙΚῼΝ
1189 153 1255 200 δ’.

210 274 349 331 ἀλλὰ
409 276 502 330 διὰ
558 283 660 330 τοῦ
708 279 778 329 Η.
857 277 1011 330 ἔσται
1066 272 1155 346 δή,
1212 271 1286 340 ὡς
1340 270 1373 344 ἡ
1423 279 1541 328 ΑΔ
1593 273 1734 343 πρὸς
1782 279 1914 343 ΛΒ,

208 362 242 436 ἡ
292 370 419 419 ΑΗ
458 362 598 435 πρὸς
636 368 775 418 ΗΒ·
833 361 966 433 ὅπερ
1016 363 1250 419 ἄτοπον
1307 359 1595 418 ὑπόκειται
1648 359 1784 434 γάρ,
1841 359 1915 427 ὡς

208 450 402 524 ἡΑΔ
440 452 578 525 πρὸς
620 458 756 523 ΔΒ,
797 450 830 524 ἡ
873 457 987 508 ΑΓ
1018 450 1159 524 πρὸς
1198 457 1313 508 ΓΒ.

1019 568 1110 629 ις’.

149 664 176 704 5
328 661 455 714 Τῶν
486 655 673 715 αὐτῶν
708 656 891 715 ὄντων
923 662 1060 713 ἔστω
1093 656 1155 713 τὸ
1181 665 1237 713 A
1270 668 1501 729 σημεῖον
1534 658 1595 712 ἐν
1626 658 1692 730 τῇ
1719 657 1915 728 ἐφεξῆς

207 752 386 822 γωνίᾳ
426 750 523 819 τῆς
560 745 670 803 ὑπὸ
710 750 823 804 τῶν
865 745 1246 819 ἀσυμπτώτων
1278 746 1689 818 περιεχομένης,
1721 745 1814 801 καὶ
1844 746 1911 802 τὰ

208 838 375 892 λοιπὰ
416 834 483 892 τὰ
524 835 667 892 αὐτὰ
706 837 969 908 γινέσθω.

319 926 488 997 λέγω,
537 923 625 981 ὅτι
670 923 704 996 ἡ
754 923 862 981 ἀπὸ
906 928 1008 981 τοῦ
1051 931 1095 980 Ζ
1145 925 1233 980 ἐπὶ
1279 925 1343 980 τὸ
1391 929 1443 980 Γ
1484 923 1912 996 ἐπιζευγνυμένη

210 1014 588 1087 ἐκβαλλομένη
632 1024 991 1085 συμπεσεῖται
1029 1017 1095 1087 τῇ
1137 1011 1490 1086 ἀντικειμένῃ
1531 1014 1699 1086 τομῇ,
1745 1012 1839 1068 καὶ
1878 1009 1911 1084 ἡ

121 1120 176 1162 10
209 1101 318 1159 ἀπὸ
373 1106 473 1174 τῆς
528 1100 901 1174 συμπτώσεως
955 1102 1044 1158 ἐπὶ
1090 1103 1150 1159 τὸ
1202 1109 1258 1158 A
1305 1101 1574 1173 ἐφάψεται
1620 1104 1719 1173 τῆς
1764 1100 1915 1158 ἄντι-

206 1192 462 1263 κειμένης
500 1194 685 1263 τομῆς.

318 2124 457 2176 ἔστω
498 2120 605 2194 γὰρ
646 2119 712 2176 τὰ
753 2117 911 2191 αὐτὰ,
951 2120 1043 2175 καὶ
1074 2118 1135 2176 τὸ
1170 2126 1225 2174 A
1257 2130 1490 2191 σημεῖον
1523 2120 1583 2175 ἐν
1615 2123 1681 2192 τῇ
1715 2121 1911 2191 ἐφεξῆς

205 2213 385 2283 γωνίᾳ
439 2212 537 2281 τῆς
591 2206 700 2265 ὑπὸ
756 2212 869 2265 τῶν
917 2205 1300 2280 ἄσυμπτώτων
1345 2209 1763 2280 περιεχομένης,
1817 2208 1910 2263 καὶ

206 2295 367 2368 ἤχθω
425 2295 532 2353 ἀπὸ
588 2300 691 2354 τοῦ
739 2304 794 2352 A
845 2298 1197 2369 ἐφαπτομένη
1246 2299 1341 2368 τῆς
1388 2304 1440 2351 A
1486 2299 1658 2368 τομῆς
1702 2294 1736 2368 ἡ
1785 2302 1908 2368 ΔΕ,

119 2402 172 2443 15
205 2387 295 2441 καὶ
339 2385 646 2457 ἐπεζεύχθω
687 2383 721 2457 ἡ
756 2391 859 2440 ΕΖ
898 2386 990 2440 καὶ
1023 2386 1416 2458 ἐκβαλλομένη,
1450 2388 1501 2440 εἰ
1532 2385 1793 2455 δυνατόν,
1832 2386 1907 2457 μὴ

206 2475 455 2545 ἐρχέσθω
490 2474 578 2529 ἐπὶ
609 2475 671 2530 τὸ
703 2479 766 2545 Γ,
800 2472 915 2529 ἀλλ’
953 2474 1040 2530 ἐπὶ
1072 2475 1135 2530 τὸ
1169 2479 1240 2529 Η.
1304 2477 1455 2529 ἔσται
1489 2473 1580 2544 δή,
1620 2470 1694 2539 ὡς
1724 2470 1758 2544 ἡ
1791 2479 1918 2528 ΑΗ

205 2561 343 2632 πρὸς
381 2567 522 2632 ΗΒ,
570 2560 604 2633 ἡ
646 2570 762 2617 ΑΔ
800 2564 939 2633 πρὸς
979 2569 1114 2618 AB·
1164 2561 1299 2635 ὅπερ
1340 2560 1573 2618 ἄτοπον·
1623 2559 1908 2618 ὑπόκειται

205 2650 331 2724 γάρ,
373 2648 448 2716 ὡς
485 2647 519 2722 ἡ
563 2657 677 2705 AA
716 2651 855 2723 πρὸς
896 2658 1025 2722 ΔΒ,
1065 2649 1099 2723 ἡ
1141 2655 1257 2707 ΑΓ
1288 2650 1425 2721 πρὸς
1464 2656 1580 2708 ΓΒ.

1015 2769 1101 2836 ιζ’.

115 2876 172 2917 20
322 2863 448 2913 Τῶν
497 2855 682 2913 αὐτῶν
730 2855 912 2912 ὄντων
965 2861 1102 2912 ἔστω
1143 2859 1204 2914 τὸ
1243 2863 1299 2912 A
1346 2868 1579 2928 σημεῖον
1629 2856 1722 2910 ε’πί
1755 2876 1908 2920 τινος

203 2949 317 3001 τῶν
357 2945 751 3018 ἀσυμπτώτων.
