2020 3236
194 1081 248 1120 10

193 1642 247 1682 15

275 151 385 203 322
744 151 1187 195 COMMENTARIA
1217 152 1498 204 ANT1Q1JA.

390 270 583 339 ἐπειδὴ
659 268 721 324 δὲ
790 267 856 324 τὰ
923 271 1119 341 ἐφεξῆς
1178 268 1512 325 πολίπτωτά
1574 269 1690 325 ἐστι
1751 268 1846 326 διὰ
1905 269 1972 326 τὰ

276 358 671 430 λαμβανόμενα
729 369 928 429 σημεῖα
982 357 1076 413 καὶ
1130 357 1227 423 τὰς
1279 357 1694 430 παραλλήλους,
1749 361 1846 414 ἵνα
1900 358 1974 430 μὴ

279 445 449 519 ὄχλον
496 446 825 518 παρέχωμεν
872 457 991 512 τοῖς
1035 443 1398 518 ὑπομνήμασι
1435 447 1646 512 πολλὰς
1682 449 1977 512 ποιοῦντες

275 533 661 607 καταγραφάς,
724 531 857 590 καθ’
925 536 1158 590 ἕκαστον
1220 538 1335 590 τῶν
1394 533 1779 607 θεωρημάτων
1841 540 1976 607 μίαν

276 627 547 695 ποιοῦμεν
581 627 820 695 ἔχουσαν
852 621 949 689 τὰς
980 623 1362 693 ἀντικειμένας
1391 623 1485 678 καὶ
1515 623 1614 688 τὰς
1646 624 1978 698 διαμέτρους

275 714 369 769 καὶ
408 711 507 778 τὰς
546 712 956 783 ἐφαπτομένας,
996 715 1089 768 ἵνα
1130 713 1365 783 σώζηται
1403 710 1466 767 τὸ
1506 714 1567 767 ἐν
1606 715 1672 785 τῇ
1712 713 1978 786 προτάσει

276 803 584 874 λεγόμενον
633 803 747 857 τῶν
794 801 981 867 αὐτῶν
1029 799 1438 872 ὑποκειμένων,
1492 801 1584 856 καὶ
1631 800 1729 867 τὰς
1774 808 1979 875 παραλ-

277 887 482 962 λήλους
504 889 684 955 πάσας
708 893 981 961 ποιοῦμεν
1007 894 1337 962 συμπίπτειν
1362 890 1454 945 καὶ
1481 901 1725 963 στοιχεῖα
1748 895 1978 963 τίθεμεν

280 978 410 1034 καθ’
467 978 704 1050 ἑκάστην
754 978 1106 1050 σύμπτωσιν-,
1153 982 1247 1034 ἵνα
1287 978 1584 1051 φυλάττων
1623 1001 1706 1045 τις
1741 980 1811 1034 τὰ
1851 978 1978 1035 ἀκό-

281 1075 466 1124 λουθα
507 1066 742 1138 δύνηται
780 1067 961 1133 πάσας
999 1066 1096 1133 τὰς
1134 1067 1369 1132 πτώσεις
1408 1064 1814 1123 ἀποδεικνύειν.

959 1263 1075 1324 Εἰς
1113 1258 1181 1314 τὸ
1226 1258 1293 1318 ς’.

305 1358 309 1361 ’
394 1366 475 1419 Αἰ
502 1362 737 1430 πτώσεις
767 1363 972 1420 τούτου
1003 1372 1104 1419 τοῦ
1138 1362 1500 1436 θεωρήματος
1528 1363 1759 1419 καὶτῶν
1786 1365 1982 1435 ἐφεξῆς

281 1451 528 1523 πάντων,
563 1451 637 1518 ὡς
668 1460 882 1525 εἴρηται
908 1453 970 1507 ἐν
992 1464 1108 1517 τοῖς
1132 1455 1233 1507 τοῦ
1259 1451 1308 1509 ε’
1332 1450 1695 1524 θεωρήματος
1719 1457 1981 1524 σχολίοις,

282 1546 488 1599 πολλαί
531 1545 699 1609 εἰσιν,
749 1541 836 1597 ἐπὶ
884 1544 1081 1596 πασῶν
1129 1542 1319 1612 μέντοι
1366 1542 1433 1597 τὰ
1482 1539 1632 1598 αὐτὰ.
1672 1545 1983 1612 συμβαίνει.

281 1629 430 1703 ὑπὲρΥ
486 1629 549 1707 δὲ
607 1634 870 1695 πλείονος
933 1634 1238 1701 σαφηνείας
1299 1627 1718 1701 ὑπογεγράφθω
1774 1617 1873 1708 μία
1926 1631 1982 1697 ἐξ

283 1719 500 1790 αὐτῶν,
547 1719 639 1774 καὶ
686 1717 846 1791 ’ἤχθω
896 1716 1004 1773 ἀπὸ
1054 1721 1157 1774 τοῦ
1198 1722 1252 1773 Γ
1283 1718 1635 1790 ἐφαπτομένη
1675 1721 1774 1790 τῆς
1811 1726 1985 1789 τομῆς

284 1807 317 1880 ἡ
367 1813 563 1863 ΓΠΡ·
619 1806 873 1880 φανερὸν
923 1806 1019 1878 δή,
1069 1804 1153 1862 ὅτι
1200 1807 1554 1878 παράλληλός
1601 1808 1715 1864 ἐστι
1761 1810 1827 1880 τῇ
1876 1812 1984 1862 ΑΖ

283 1895 376 1952 καὶ
407 1900 474 1969 τῇ
515 1902 649 1952 ΜΛ.
712 1896 804 1951 καὶ
838 1895 954 1951 ἐπεὶ
986 1895 1261 1950 δέδεικται
1294 1897 1355 1950 ἐν
1385 1898 1461 1970 τῷ
1496 1896 1735 1970 δευτέρω
1767 1898 1985 1968 θεωρή-

207 2027 211 2031 -
286 2007 416 2058 ματι
462 1985 601 2040 κατὰ
649 1982 750 2056 τὴν
799 1987 895 2055 τῆς
940 1981 1255 2056 ὑπερβολῆς
1299 1981 1663 2056 καταγραφὴν
1701 1981 1765 2066 τὸ
1805 1988 1927 2038 ΠΝ
1938 1987 1994 2039 Γ

194 2085 251 2124 ‘20

285 2079 562 2146 τρίγωνον
586 2082 661 2148 τῷ
689 2079 811 2128 ΛΠ
828 2071 1211 2147 τετραπλεύρῳ
1238 2079 1382 2142 ἴσον,
1406 2072 1603 2127 κοινὸν
1627 2076 1982 2148 προσκείσθω

285 2162 348 2218 τὸ
376 2169 445 2217 Μ
449 2163 614 2218 Π·.τὸ
649 2159 759 2233 ἄρα
786 2167 916 2216 ΜΚ
922 2167 987 2216 Ν
1002 2165 1280 2234 τρίγωνον
1305 2170 1380 2237 τῷ
1407 2165 1649 2216 ΜΛΡΓ
1664 2162 1815 2216 ἐστιν
1842 2161 1984 2236 ἴσον.

201 2255 206 2259 ’
285 2251 480 2307 κοινὸν
527 2255 882 2322 προσκείσθω
930 2247 991 2305 τὸ
1033 2255 1213 2320 ΓΡΕ,
1263 2247 1294 2305 ὅ
1343 2251 1493 2305 ε’στιν
1536 2256 1661 2306 ἴσον
1699 2251 1777 2323 τῷ
1819 2254 2007 2304 ΑΕΖΔ

289 2337 383 2394 διὰ
421 2338 487 2394 τὰ
529 2341 589 2394 ἐν
627 2341 702 2414 τῷ
744 2337 842 2410 μδ’
882 2341 982 2394 τοῦ
1016 2337 1072 2393 α’
1106 2342 1351 2409 βιβλίου·
1394 2336 1530 2394 ὅλον
1562 2336 1670 2410 ἄρα
1700 2336 1762 2393 τὸ
1799 2341 1984 2393 ΜΕΛ

421 2565 460 2604 1.
510 2556 635 2604 ἔστιν
673 2520 748 2604 W.
916 2565 957 2603 3.
1005 2558 1343 2618 ὑπομνήμασιν
1391 2559 1465 2604 W.
1634 2527 1692 2604 5..
1722 2555 1807 2610 τοὶς
1845 2583 1900 2590 -
1942 2535 1985 2603 6.

290 2619 401 2678 καί]
434 2618 508 2663 bis
539 2634 584 2675 p.
740 2624 781 2663 9.
815 2618 1084 2677 φυλάττων]
1118 2636 1201 2662 -ω-
1233 2633 1257 2663 e
1291 2631 1405 2664 com
1439 2633 1499 2664 m.
1535 2624 1555 2662 1
1591 2617 1666 2664 W.
1813 2622 1884 2663 13.
1918 2614 2013 2675 ε’]·

294 2693 384 2725 om.
421 2678 494 2735 W,
533 2677 622 2723 lac.
655 2683 681 2722 3
714 2677 806 2722 litt.
839 2693 892 2734 p,
935 2691 1048 2722 corr.
1082 2677 1265 2735 Halley.
1421 2682 1488 2723 17.
1530 2672 1654 2721 ἐστιν
1685 2676 1760 2720 W.
1916 2679 1984 2720 18.

237 2779 240 2782 ·
295 2764 524 2826 δευτέρῳ]
559 2769 587 2823 β
618 2780 663 2822 p.
739 2814 742 2816 ,
791 2770 858 2809 19.
892 2766 1078 2824 HNP]
1112 2764 1290 2822 scripsi,
1323 2767 1433 2832 HN
1460 2764 1582 2822 Wp,
1617 2765 1776 2809 ΓΠΝ
1801 2763 2004 2818 Halley.·

354 2830 425 2870 20.
457 2811 541 2884 τῷ]
573 2823 711 2881 bisp
680 2839 726 2881 p,
758 2820 811 2868 τὸ
845 2825 908 2880 τῷ
941 2825 1014 2868 W.
1137 2825 1259 2883 ΛΠ]
1295 2823 1482 2880 scripsi,
1513 2827 1616 2868 ΔΗ
1642 2824 1763 2880 Wp,
1796 2825 1991 2867 ΛΚΠΡ

292 2883 475 2939 Halley.
598 2888 669 2927 22.
704 2882 864 2941 ΓΡΕ]
898 2886 939 2926 Ε
971 2898 996 2928 e
1028 2897 1142 2929 corr.
1176 2899 1221 2940 p.
1341 2857 1521 2954 AEZ·‘]
1527 2884 1662 2926 ΑΕΖ
1693 2897 1724 2939 p
1757 2884 1828 2937 et,
1863 2885 1905 2925 Λ
1934 2879 1985 2925 in

292 2957 398 2999 rae,
423 2899 506 2997 W,
540 2955 654 2987 corr.
680 2941 863 2998 Halley.
987 2947 1057 2986 23.
1090 2940 1195 2999 μὸ’]
1228 2941 1405 2998 scripsi,
1438 2958 1502 2999 μα
1511 2939 1656 2998 'Wp.
