2046 3256
238 162 263 213 1
279 162 343 214 16
892 162 1270 206 FRAGMENTA.

231 279 467 352 ἅπτηται
518 279 579 336 δὲ
624 278 687 335 τὸ
736 282 833 351 τῆς
880 282 1013 351 μιᾶς
1051 280 1221 349 πέρας
1260 279 1525 334 ἐπιπέδου
1561 277 1740 335 τόπου
1776 279 1933 335 θέσει

232 370 569 441 δεδομένου,
619 365 815 435 ἅψεται
862 367 955 423 καὶ
998 366 1061 424 τὸ
1101 370 1199 439 τῆς
1238 367 1424 435 ἑτέρας
1461 367 1633 439 πέρας
1670 367 1934 423 ἐπιπέδου

231 457 408 514 τόπου
455 458 615 513 θέσει
665 457 974 529 δεδομένου
1021 454 1112 513 ὁτὲ
1160 456 1262 528 μὲν
1308 458 1411 512 τοῦ
1459 452 1792 527 ὁμογενοῦς,
1843 453 1935 512 ὁτὲ

234 547 297 603 δὲ
334 555 437 603 τοῦ
481 547 690 619 ἑτέρου,
730 546 822 601 καὶ
863 544 954 602 ὁτὲ
994 546 1097 617 μὲν
1137 543 1344 618 ὁμοίως
1374 545 1634 617 κειμένου
1663 542 1803 616 πρὸς
1831 543 1935 616 τὴν

173 649 199 688 5
234 634 486 707 εὐθεῖαν,
529 633 619 691 ὁτὲ
659 635 722 691 δὲ
761 636 1041 701 ἐναντίως.
1103 642 1277 690 ταῦτα
1318 634 1380 690 δὲ
1414 639 1626 705 γίνεται
1657 631 1806 705 παρὰ
1838 632 1936 700 τὰς

236 723 516 798 διαφορὰς
553 733 668 781 τῶν
707 722 1106 795 ὑποκειμένων.

344 847 428 899 24.
471 847 689 917 Pappus
728 845 860 917 VII,
899 848 972 900 26
1011 866 1059 916 p.
1102 846 1226 916 666,
1270 845 1338 898 14
1377 863 1479 915 sq.:

351 948 426 1003 Τὸ
472 948 533 1003 δε
574 948 839 1020 δεύτερον
880 953 1101 1019 βιβλίον
1142 948 1382 1020 περιέχει
1419 945 1577 1002 τάδε·

346 1035 445 1092 ἐαν
485 1035 593 1093 ἀπὸ
635 1036 743 1092 δύο
785 1039 1102 1108 δεδομένων
1144 1041 1388 1108 σημείων
1428 1033 1645 1091 εὐθεῖαι
1679 1033 1936 1089 κλασθω-

148 1137 203 1180 10
237 1141 354 1197 σιν,
394 1126 488 1181 καὶ
527 1119 562 1199 ἧ
602 1127 669 1181 τὰ
711 1122 804 1181 ἄπ’
850 1122 1037 1181 αὐτῶν
1080 1127 1311 1181 δοθέντι
1349 1129 1534 1199 χωρίω
1577 1123 1936 1195 διαφέροντα,

237 1215 300 1270 τὸ
345 1226 579 1285 σημεῖον
619 1213 817 1280 ἅψεται
856 1216 1016 1270 θέσει
1057 1215 1363 1286 δεδομένης
1400 1211 1647 1279 εὐθείας·

347 1301 447 1359 ἐὰν
502 1303 565 1360 δὲ
620 1296 760 1359 ὦσιν
818 1306 878 1359 ἐν
935 1303 1081 1378 λόγῳ
1138 1303 1394 1374 δοθέντι,
1448 1300 1573 1373 ἤτοι
1627 1297 1854 1365 εὐθείας
1903 1295 1937 1370 ἢ

237 1398 612 1465 περιφερείας·

349 1480 448 1536 ἐὰν
487 1475 523 1555 ᾖ
563 1483 720 1538 θέσει
761 1483 1034 1553 δεδομένη
1077 1480 1275 1537 εὐθεῖα
1309 1481 1400 1536 καὶ
1434 1477 1515 1536 ἐπ’
1560 1479 1731 1550 αὐτῆς
1763 1476 1938 1533 δοθὲν

151 1583 206 1624 15
240 1581 471 1642 σημεῖον
519 1571 612 1626 καὶ
660 1568 769 1626 ἀπὸ
817 1572 1020 1626 τούτου
1069 1568 1363 1641 διαχθεῖσα
1409 1590 1490 1634 τις
1535 1567 1939 1673 πεπερασμένη,

240 1656 349 1714 ἀπὸ
393 1658 456 1714 δε
493 1668 596 1715 τοῦ
634 1660 869 1730 πέρατος
908 1658 1059 1732 αχθῇ
1097 1659 1236 1731 πρὸς
1275 1655 1455 1731 ὀρθὰς
1495 1657 1582 1713 ἐπὶ
1628 1655 1732 1728 τὴν
1763 1656 1940 1725 θέσει,

239 1748 332 1803 καὶ
378 1770 413 1820 η
461 1747 524 1803 τὸ
571 1745 679 1804 ἀπὸ
726 1751 823 1820 τῆς
871 1752 1198 1820 διαχθείσης
1241 1754 1368 1803 ἴσον
1405 1755 1482 1822 τῷ
1523 1743 1632 1801 υπὸ
1674 1747 1941 1815 δοθείσης

239 1836 332 1892 καὶ
378 1836 444 1908 ἧς
491 1835 875 1909 ἀπολαμβανει
925 1835 1049 1908 ἤτοι
1094 1835 1233 1907 πρὸς
1271 1858 1346 1891 τω
1388 1804 1619 1891 δοθέντι
1659 1836 1865 1908 σημείω
1905 1855 1940 1903 η

239 1926 381 1998 πρὸς
420 1926 588 2001 ἑτέρω
635 1926 867 1982 δοθέντι
907 1931 1116 2000 σημείω
1159 1925 1246 1981 ἐπὶ
1285 1927 1381 1996 τῆς
1418 1924 1578 1979 θέσει
1618 1922 1940 1993 δεδομένης,

153 2027 210 2067 20
243 2015 303 2070 τὸ
351 2016 521 2086 πέρας
569 2016 738 2087 τῆσδε
784 2013 983 2082 ἅψεται
1028 2017 1186 2070 θέσει
1226 2014 1530 2085 δεδομένης
1567 2015 1941 2084 περιφερειάς·

353 2104 454 2159 ἐὰν
503 2101 611 2159 ἀπὸ
661 2103 766 2160 δύο
815 2104 1107 2160 δοθέντων
1147 2107 1391 2175 σημείων
1432 2099 1649 2158 εὐθεῖαι
1687 2101 1941 2156 κλασθῶ-

243 2207 360 2262 σιν,
409 2192 500 2247 καὶ
549 2187 584 2265 ᾗ
630 2214 691 2248 το
746 2191 853 2248 ἀπὸ
895 2202 994 2264 τῆς
1032 2196 1162 2264 μιᾶς
1197 2195 1300 2247 τοῦ
1340 2189 1448 2246 ἀπὸ
1489 2198 1587 2261 τῆς
1626 2188 1812 2262 ἑτέρας
1851 2190 1941 2243 δο-

241 2282 401 2337 θέντι
457 2286 643 2352 μειζον
698 2278 733 2352 ἢ
792 2283 853 2337 ἐν
909 2283 1085 2356 λόγω,
1139 2280 1202 2337 τὸ
1259 2291 1489 2351 σημειον
1541 2276 1739 2345 αψεται
1783 2276 1941 2332 θέσει

244 2370 550 2441 δεδομένης
587 2374 960 2476 περιφερείας·

154 2470 211 2512 25
356 2456 456 2512 ἐὰν
502 2455 609 2513 ἀπὸ
658 2456 919 2514 ὁσωνοῦν
969 2459 1288 2529 δεδομένων
1333 2459 1579 2527 σημείων
1615 2457 1941 2510 κλασθωσιν

245 2543 463 2602 εὐθεῖαι
509 2545 648 2617 πρὸς
694 2547 779 2602 ἑνὶ
827 2553 1059 2622 σημείω,
1106 2547 1198 2602 καὶ
1244 2569 1279 2619 η
1327 2544 1392 2599 τὰ
1433 2541 1541 2599 απὸ
1582 2546 1778 2599 πασῶν
1818 2545 1938 2612 εἴδη

247 2643 340 2691 ἴσα
388 2635 617 2691 δοθέντι
656 2640 865 2710 χωρίῳ,
912 2636 974 2691 τὸ
1018 2646 1249 2707 σημεῖον
1281 2632 1478 2699 ἅψεται
1517 2632 1675 2687 θέσει
1716 2631 1940 2701 δεδομέ-

245 2746 347 2795 νης
385 2727 755 2797 περιφερείας·

370 2906 439 2944 16.
478 2898 617 2945 θέσει
649 2897 909 2956 δεδομένην
949 2899 1149 2944 Hultsch
1182 2912 1286 2943 cum
1317 2896 1517 2942 Halleio.
1670 2899 1740 2940 20.
1774 2893 1937 2955 τῆσδε]

249 2963 331 3015 τῆς
363 2960 640 3016 διαχθείσης
672 2958 788 3004 coni.
823 2957 1038 3004 Hultsch.
