2020 3236
229 139 338 192 276
701 141 1140 184 COMMENTARIA
1170 142 1454 195 ANTIQUA.

225 263 354 329 ΒΓ,
409 256 443 330 ἡ
494 265 607 314 EA
661 257 799 331 πρὸς
847 265 984 329 ΔΖ,
1039 259 1132 315 καὶ
1189 263 1315 333 δίχα
1370 258 1663 333 τετμήσθω
1718 256 1752 331 ἡ
1802 265 1928 316 ΕΖ·

227 350 403 418 δῆλον
445 346 541 418 δή,
584 345 695 418 ὅτι,
736 349 788 402 εἰ
825 346 928 419 μὲν
967 345 1002 418 ἡ
1042 353 1150 422 ΑΒ
1188 351 1255 421 τῇ
1296 353 1408 403 ΒΓ
1438 349 1589 404 ἐστιν
1630 354 1723 420 ἴση
1761 349 1854 405 καὶ
1894 347 1928 420 ἡ

226 443 340 492 EA
385 445 452 509 τῇ
494 442 631 505 ΛΖ,
682 439 973 508 διχοτομία
1013 440 1165 493 ἔσται
1204 446 1302 509 τῆς
1340 443 1447 492 ΕΖ
1484 435 1548 494 τὸ
1591 442 1664 508 A,
1703 440 1756 493 εἰ
1793 437 1856 494 δὲ
1894 437 1929 509 ἡ

225 531 335 581 ΑΒ
374 528 471 597 τῆς
502 528 613 580 ΒΓ
644 528 845 596 μείζων
883 524 977 580 καὶ
1017 522 1051 596 ἡ
1085 531 1201 580 EA
1239 532 1339 596 τῆς
1386 531 1524 596 ΔΖ,
1562 522 1597 597 ἡ
1639 528 1930 598 διχοτομία

167 625 193 665 5
226 615 516 686 κατωτέρω
558 613 673 670 ἐστὶ
713 616 814 670 τοῦ
854 621 927 684 A,
969 616 1021 669 εἰ
1059 612 1120 669 δὲ
1158 610 1192 685 ἡ
1235 619 1343 668 ΑΒ
1385 617 1479 686 τῆς
1517 617 1627 669 ΒΓ
1659 613 1930 686 ἐλάσσων,

228 703 504 775 ἀνωτέρω.

340 795 478 847 ἔστω
521 789 583 846 δὲ
621 793 732 846 νῦν
769 790 904 856 τέως
941 790 1230 863 κατωτέρω
1272 786 1346 856 ὡς
1382 788 1444 845 τὸ
1485 795 1561 861 Η,
1599 791 1692 847 καὶ
1723 793 1931 870 κέντρῳ

226 884 302 956 τῷ
349 886 416 935 Η
457 879 786 952 διαστήματι
831 883 908 955 τῷ
949 885 1062 934 ΗΖ
1108 878 1311 945 κύκλος
1352 878 1683 952 γεγράφθω·
1733 883 1823 937 δεῖ
1859 883 1929 953 δὴ

234 968 328 1025 διὰ
376 978 492 1026 τῶν
532 977 610 1041 Α,
642 975 689 1024 Β
739 973 986 1040 σημείων
1034 966 1187 1039 ἥξειν
1227 965 1260 1039 ἢ
1303 969 1554 1040 ἐσωτέρω
1593 964 1628 1040 ἢ
1671 970 1933 1043 ἐξωτέρω.

141 1071 197 1111 10
228 1059 321 1114 καὶ
368 1061 420 1114 εἰ
465 1057 567 1130 μὲν
617 1056 709 1112 διὰ
756 1060 870 1112 τῶν
910 1064 989 1128 A,
1021 1063 1068 1111 Β
1118 1061 1361 1129 σημείων
1414 1061 1655 1130 ἔρχοιτο,
1704 1057 1935 1130 γεγονὸς

227 1143 301 1203 ἂν
348 1154 432 1219 εἴη
481 1146 543 1203 τὸ
594 1147 916 1219 ἐπιταχθέν·
971 1143 1351 1217 ὑπερπιπτέτω
1402 1146 1463 1202 δὲ
1510 1145 1577 1202 τὰ
1617 1155 1695 1218 Α,
1728 1154 1801 1219 Β,
1840 1148 1934 1204 καὶ

228 1239 565 1308 ἐκβληθεῖσα
589 1236 678 1307 ἐφ’
709 1234 940 1308 ἑκάτερα
964 1232 1070 1307 ἡΑ
1078 1241 1124 1290 Β
1150 1236 1500 1307 συμπιπτέτω
1525 1245 1591 1310 τῇ
1609 1241 1933 1311 περιφερείᾳ

227 1324 366 1381 κατὰ
397 1326 464 1381 τὰ
501 1330 566 1396 Θ,
593 1328 666 1395 Κ,
698 1324 790 1379 καὶ
823 1326 1246 1396 ἐπεζεύχθωσαν
1279 1327 1342 1379 αἱ
1368 1330 1486 1394 ΖΘ,
1512 1330 1621 1395 ΘΕ,
1646 1331 1780 1397 ΕΚ,
1805 1332 1933 1397 ΚΖ,

230 1415 323 1470 καὶ
363 1411 523 1485 ἤχθω
567 1412 660 1468 διὰ
700 1415 802 1468 τοῦ
841 1419 888 1467 Β
928 1421 995 1486 τῇ
1035 1411 1139 1484 μὲν
1179 1418 1290 1467 ΖΚ
1326 1411 1680 1485 παράλληλος
1717 1412 1752 1486 ἡ
1795 1420 1935 1484 ΜΒ,

146 1513 200 1554 15
231 1505 297 1575 τῇ
349 1501 411 1557 δὲ
456 1506 573 1557 ΚΕ
615 1499 649 1573 ἡ
705 1505 836 1572 ΒΛ,
893 1501 986 1557 καὶ
1034 1500 1456 1574 ἐπεζεύχθωσαν
1505 1504 1567 1557 αἰ
1608 1507 1761 1570 ΜΛ,
1800 1509 1935 1558 ΑΛ·

233 1595 458 1647 ἔσονται
491 1589 561 1662 δὴ
592 1591 685 1646 καὶ
719 1587 882 1646 αὐταὶ
913 1589 1261 1663 παράλληλοι
1293 1602 1412 1656 ταῖς
1445 1596 1567 1661 ΖΘ,
1600 1594 1711 1645 ΘΕ
1746 1589 1840 1647 διὰ
1872 1591 1936 1648 τὸ

234 1687 365 1751 ἴσην
406 1677 553 1735 εἶναι
590 1678 694 1751 τὴν
734 1679 836 1751 μὲν
876 1686 995 1734 AA
1039 1682 1105 1752 τῇ
1147 1685 1276 1750 AB,
1316 1677 1419 1750 τὴν
1460 1678 1523 1734 δὲ
1561 1685 1672 1735 ΔΘ
1708 1687 1778 1753 τῇ
1820 1685 1943 1735 AK

232 1769 325 1824 καὶ
357 1767 495 1842 πρὸς
528 1766 709 1840 ὀρθὰς
741 1766 886 1823 εἶναι
917 1767 1021 1838 τὴν
1055 1773 1226 1823 ΖΔΕ
1253 1776 1319 1840 τῇ
1344 1773 1470 1823 ΘΚ.
1529 1767 1623 1823 καὶ
1647 1768 1763 1823 ἐπεὶ
1789 1766 1936 1841 ὀρθή

236 1859 388 1913 ἐστιν
426 1854 460 1928 ἡ
501 1855 640 1928 πρὸς
678 1860 753 1932 τῷ
794 1863 852 1912 Κ
887 1861 1092 1927 γωνία,
1138 1856 1231 1911 καὶ
1270 1856 1616 1928 παράλληλοι
1656 1858 1718 1911 αί
1752 1850 1937 1912 ΜΒΛ

147 1959 203 1999 20
235 1957 357 2012 ταῖς
390 1951 576 2016 ΖΚΕ,
617 1943 767 2017 ὀρθὴ
809 1944 917 2018 ἄρα
955 1945 1048 1999 καὶ
1087 1942 1121 2016 ἡ
1162 1948 1301 2018 πρὸς
1338 1947 1413 2020 τῷ
1454 1950 1523 2000 Β·
1565 1943 1658 2000 διὰ
1698 1943 1766 2000 τὰ
1797 1942 1939 2001 αὐτὰ

238 2035 306 2106 δὴ
353 2035 448 2089 καὶ
493 2031 528 2105 ἡ
573 2032 715 2105 πρὸς
751 2037 826 2109 τῷ
867 2042 936 2090 Α.
1013 2032 1154 2090 ὥστε
1194 2031 1223 2089 ὁ
1264 2034 1390 2107 περὶ
1428 2031 1532 2105 τὴν
1571 2039 1698 2089 ΜΛ
1736 2032 1939 2100 κύκλος

235 2123 596 2197 γραφόμενος
649 2121 767 2193 ἥξει
823 2121 917 2177 διὰ
970 2125 1087 2178 τῶν
1140 2130 1218 2193 A,
1260 2128 1320 2177 Β.
1414 2121 1720 2196 γεγράφθω
1778 2119 1853 2188 ὡς
1907 2120 1937 2177 ὁ

238 2218 498 2267 ΜΑΛΒ.
574 2211 667 2267 καὶ
714 2210 831 2266 ἐπεὶ
876 2210 1232 2283 παράλληλός
1279 2212 1431 2266 ἐστιν
1470 2207 1505 2281 ἡ
1544 2214 1666 2264 ΜΒ
1705 2212 1773 2282 τῇ
1813 2215 1940 2280 ΖΚ,

240 2304 410 2370 ἔστιν,
451 2298 526 2366 ὡς
565 2298 599 2372 ἡ
634 2305 741 2354 ZA
780 2299 920 2373 πρὸς
961 2305 1105 2370 ΔΜ,
1146 2297 1181 2371 ἡ
1215 2303 1334 2354 ΚΔ
1363 2296 1503 2371 πρὸς
1535 2304 1661 2353 AB.
1732 2295 1940 2369 ὁμοίως

150 2399 207 2441 25
241 2388 311 2460 δὴ
356 2393 473 2458 καί,
521 2386 595 2452 ὡς
641 2387 675 2459 ἡ
716 2393 835 2442 KA
872 2385 1011 2461 πρὸς
1052 2393 1181 2459 AB,
1228 2384 1258 2441 τ’
1304 2393 1418 2443 ΕΔ
1464 2384 1603 2459 πρὸς
1645 2392 1770 2442 ΔΛ.
1846 2388 1939 2442 καὶ

364 2586 406 2626 3.
439 2577 515 2638 δέ]
549 2575 610 2633 δή
635 2594 680 2635 p.
796 2584 838 2622 4.
873 2579 987 2637 ΕΔ]
1021 2581 1117 2622 ΣΔ
1143 2577 1240 2652 Wp
1209 2593 1254 2635 p,
1288 2590 1403 2622 corr.
1432 2577 1608 2622 Comm.
1723 2583 1764 2624 5.
1798 2573 1895 2623 ἔστι
1880 2579 1939 2633 ίν,

242 2642 313 2685 -ίν
347 2639 398 2683 in
427 2652 535 2693 ras„
568 2637 643 2684 W.
769 2641 809 2683 8.
843 2654 906 2681 τω
926 2637 1130 2710 (pr)Lp
1162 2635 1216 2681 τό
1250 2636 1324 2681 W.
1449 2642 1489 2682 9.
1522 2632 1735 2693 ἤξειν-
1763 2641 1831 2684 10.
1844 2652 1943 2710 ση-

243 2699 408 2765 μείων]
444 2713 535 2743 om
567 2712 614 2754 p.
767 2701 807 2740 9.
836 2683 1007 2770 Αὀὴξμειν]
1041 2698 1144 2753 ηξει
1174 2696 1257 2768 W,
1305 2709 1421 2742 corr.
1454 2695 1652 2750 Oomm.;
1699 2695 1805 2741 fort.
1837 2692 1942 2753 ἥξει

244 2757 546 2803 retinendum
579 2756 628 2800 ef,
657 2769 742 2813 pro
775 2756 856 2799 δεῖ
879 2754 961 2800 lin.
987 2760 1014 2799 8
1048 2754 1184 2801 scrib.
1219 2751 1338 2811 ἤτοι.
1464 2759 1532 2799 17.
1565 2755 1643 2814 τῇ]
1675 2769 1721 2811 p,
1753 2751 1839 2812 τήν
1864 2756 1937 2799 W.

305 2817 414 2885 AB]
451 2818 543 2861 ΔΕ
574 2816 677 2872 Wp
646 2831 692 2872 p,
725 2828 841 2859 corr.
868 2814 1042 2859 Comm.
1167 2812 1306 2872 δέ]Ρ
1310 2817 1447 2870 ,AE
1478 2813 1552 2858 W.
1677 2818 1746 2859 18.
1780 2815 1937 2868 ΖΔΕ]

245 2876 430 2932 scripsi,
473 2877 611 2920 AZE
642 2874 744 2931 Wp
713 2890 766 2931 p,
807 2876 945 2916 EAZ
986 2873 1158 2930 Halley
1189 2888 1295 2918 cum
1327 2871 1503 2917 Comm.
1658 2876 1726 2918 19.
1768 2874 1938 2931 MBA]

245 2936 421 2991 scripsi,
453 2939 513 2979 M
518 2938 607 2977 BA
637 2933 761 2990 Wp,
792 2936 905 2987 ΜΒ,
931 2935 1016 2976 ΒΛ
1052 2932 1218 2989 Halley
1248 2946 1354 2977 cum
1386 2932 1562 2977 Comm.
1703 2936 1774 2978 22.
1806 2932 1865 2990 Β]
1901 2936 1944 2976 Γ
