2046 3256
263 170 372 223 146
734 172 1173 215 COMMENTARIA
1203 173 1484 225 ANTIQUA.

259 290 353 345 καὶ
379 287 656 360 σκαληνὸς
689 287 835 345 εἶναι
860 289 889 345 ὁ
915 298 1113 360 κῶνος,
1147 294 1297 346 ἔστιν
1322 291 1402 361 δέ,
1436 293 1510 356 ὡς
1532 290 1966 363 προγέγραπται,

261 379 324 433 ἐν
375 378 537 453 κώνῳ
589 381 844 452 σκαληνςό
893 382 1119 450 μεγίστη
1166 400 1248 445 τις
1293 379 1386 434 καὶ
1433 380 1687 450 ἐλαχίστη
1733 379 1966 452 πλευρά,

261 465 580 538 ἀναγκαίως
632 471 1008 538 προστίθησιν
1062 466 1125 523 τὸ
1180 467 1812 540 προσεκβεβλήσθω,
1867 471 1963 524 ἵνα

261 555 371 610 αἰεὶ
431 560 918 626 προσεκβληθεῖσα
978 554 1012 627 ἡ
1077 557 1332 628 ἐλαχίστη
1396 554 1484 612 ἀεὶ
1545 559 1643 627 τῆς
1703 561 1965 628 μεγίστης

196 657 226 697 5
260 643 494 716 αὔξηται
523 645 1098 716 προσεκβαλλομένης,
1131 646 1235 710 ἕως
1268 651 1359 716 ἴση
1385 646 1611 716 γένηται
1642 648 1707 718 τῇ
1733 650 1961 720 μεγίστῃ

257 733 352 788 καὶ
391 732 579 806 ψαύσῃ
619 731 737 788 κατ’
777 735 958 790 ἐκεῖνο
998 737 1095 805 τῆς
1134 737 1234 789 τοῦ
1274 734 1483 790 κύκλου
1520 738 1885 806 περιφερείας.

373 822 446 880 δ’.
483 820 665 878 ’Ἑστω
698 821 921 894 γραμμὴ
953 819 987 893 ἡ
1016 827 1197 893 ΑΒΓ,
1238 822 1331 878 καὶ
1369 823 1529 879 θέσει
1559 820 1594 895 ἡ
1622 827 1746 895 ΑΓ,
1785 826 1961 879 πᾶσαι

260 910 323 966 δὲ
362 913 425 966 αἱ
460 909 569 966 ἀπὸ
608 914 706 981 τῆς
736 914 991 982 γραμμῆς
1023 911 1109 967 ἐπὶ
1143 913 1245 983 τὴν
1279 916 1394 967 ΑΓ
1424 911 1656 968 κάθετοι
1688 910 1960 984 ἀγόμεναι

169 1102 227 1142 10
258 1110 447 1160 γωνον
479 1094 606 1144 ἴσον
639 1087 784 1144 εἶναι
815 1092 891 1164 τῷ
923 1091 1296 1164 περιεχομένῳ
1329 1088 1438 1145 ὑπὸ
1471 1093 1584 1146 τῶν
1616 1098 1712 1162 τῆς
1742 1088 1963 1161 βάσεως

258 1175 559 1249 τμημάτων
599 1180 711 1233 τῶν
750 1175 851 1248 ὑφ’
890 1176 1120 1248 ἑκάστης
1151 1175 1608 1249 ἄποτμηθέντων.
1669 1179 1831 1250 λέγω,
1873 1176 1958 1234 ὅτι

255 1266 469 1322 κύκλου
507 1265 832 1339 περιφέρεια
873 1268 1025 1322 ἐστιν
1063 1264 1097 1338 ἡ
1133 1272 1312 1338 ΑΒΓ,
1353 1266 1645 1341 διάμετρος
1685 1266 1747 1323 δὲ
1787 1265 1960 1338 αὐτῆς

258 1357 411 1411 ἐστιν
451 1352 484 1426 ἡ
524 1360 647 1410 ΑΓ.

369 1442 640 1515 ἤχθωσαν
686 1445 793 1514 γὰρ
842 1441 947 1499 ἀπὸ
997 1448 1242 1515 σημείων
1281 1447 1394 1500 τῶν
1436 1452 1508 1516 Δ,
1540 1450 1607 1515 Β,
1639 1451 1692 1500 Ε
1726 1442 1960 1500 κάθετοι

168 1545 226 1585 15
260 1534 323 1587 αἱ
358 1539 497 1603 ΔΖ,
538 1538 678 1602 ΒΗ,
719 1538 838 1588 ΕΘ.
913 1524 977 1588 τὸ
1025 1532 1129 1604 μὲν
1174 1532 1284 1605 ἄρα
1333 1531 1440 1589 ἀπὸ
1483 1539 1595 1589 ΔΖ
1639 1539 1766 1589 ἴσον
1806 1533 1960 1589 ἐστὶν

256 1625 333 1696 τῷ
390 1619 498 1677 ὑπὸ
556 1626 737 1691 ΑΖΓ,
795 1622 857 1676 τὸ
917 1621 978 1676 δὲ
1030 1617 1138 1677 ἀπὸ
1194 1627 1319 1676 ΒΗ

255 1714 332 1785 τῷ
372 1708 482 1765 ὑπὸ
517 1715 708 1780 ΑΗΓ,
748 1707 812 1765 τὸ
850 1709 911 1765 δὲ
943 1709 1051 1765 ἀπὸ
1087 1715 1194 1765 ΕΘ
1231 1713 1307 1785 τῷ
1545 1719 1592 1753 Δ
1851 1737 1900 1777 Ε

255 1797 366 1854 ὑπὸ
413 1805 603 1856 ΑΘΓ.
695 1797 988 1870 τετμήσθω
1046 1799 1115 1869 δὴ
1181 1801 1308 1870 δίχα
1479 1722 1925 1946 [Q

256 1885 289 1958 ἡ
317 1893 430 1943 ΑΓ
461 1888 599 1943 κατὰ
631 1886 694 1943 τὸ
728 1893 801 1957 Κ,
839 1888 932 1942 καὶ
970 1887 1308 1959 ἐπεζεύχθω-

163 1990 223 2030 20
257 1992 363 2031 σαν
404 1979 466 2031 αἱ
501 1982 644 2046 ΔΚ,
681 1981 818 2046 ΚΒ,
851 1981 981 2032 ΚΕ.
1044 1978 1158 2032 ἐπεὶ
1200 1969 1306 2032 οὖν
1416 1924 1466 1963 Α
1544 1949 1592 1984 Z
1657 1950 1848 1991 KR&
1883 1946 1938 1992 Γ

253 2064 316 2120 τὸ
357 2064 467 2120 ὑπὸ
509 2070 680 2120 ΑΖΓ
719 2063 855 2137 μετὰ
901 2069 1003 2120 τοῦ
1047 2063 1155 2120 ἀπὸ
1201 2070 1316 2121 ΖΚ
1361 2071 1488 2121 ἴσον
1536 2065 1686 2121 ἐστὶν
1725 2073 1802 2140 τῷ
1844 2063 1954 2120 ἄπο

254 2159 375 2209 ΑΚ
420 2156 598 2222 [Eucl.
639 2156 711 2226 II,
760 2157 853 2225 5]‚
909 2151 1050 2210 ἀλλὰ
1105 2157 1181 2230 τῷ
1237 2153 1348 2210 ὑπὸ
1396 2159 1574 2210 ΑΖΓ
1622 2162 1747 2210 ἴσον
1800 2154 1951 2210 ἐστὶν

253 2242 317 2298 τὸ
365 2241 472 2299 ἀπὸ
521 2249 658 2313 ΛΖ,
720 2242 783 2298 τὸ
841 2241 951 2314 ἄρα
1005 2240 1113 2298 ἀπὸ
1163 2249 1274 2297 ΛΖ
1329 2242 1463 2314 μετὰ
1510 2244 1612 2298 τοῦ
1659 2239 1767 2297 ἀπὸ
1820 2247 1952 2313 ΖΚ,

252 2332 537 2387 τουτέστιν
584 2330 648 2387 τὸ
696 2330 805 2387 ἀπὸ
853 2337 974 2386 ΔΚ
1021 2334 1193 2401 [Eucl.
1234 2334 1283 2402 I,
1324 2335 1446 2401 47],
1503 2338 1630 2386 ἴσον
1677 2330 1827 2386 ἐστὶν
1873 2333 1951 2405 τῷ

160 2432 222 2473 25
257 2418 364 2474 ἀπὸ
406 2426 544 2474 ΑΚ·
602 2427 692 2491 ἴση
735 2419 844 2491 ἄρα
885 2420 1036 2475 ἐστὶν
1083 2417 1116 2491 ἡ
1156 2425 1276 2475 ΑΚ
1317 2422 1382 2492 τῇ
1423 2424 1554 2474 ΚΔ.
1632 2417 1838 2491 ὁμοίως
1879 2418 1948 2489 δὴ

256 2510 529 2579 δείξομεν,
570 2506 656 2563 ὅτι
693 2508 786 2563 καὶ
826 2509 1053 2581 ἑκατέρα
1091 2511 1205 2565 τῶν
1244 2514 1373 2579 ΒΚ,
1407 2513 1523 2563 ΕΚ
1561 2515 1652 2579 ἴση
1693 2507 1844 2563 ἐστὶν
1881 2509 1948 2580 τῇ

256 2602 374 2651 ΑΚ
410 2592 444 2665 ἦ
484 2598 549 2668 τῇ
595 2601 729 2650 ΚΓ·
766 2596 977 2653 κύκλου
1016 2596 1125 2670 ἄρα
1163 2596 1487 2669 περιφέρεια
1528 2597 1678 2652 ἐστιν
1717 2593 1752 2667 ἡ
1784 2599 1955 2651 ΑΒΓ

375 2734 415 2774 3.
457 2729 789 2788 προσεκβληθῆ
829 2728 1029 2773 Hultseh
1070 2744 1174 2774 cum
1207 2729 1407 2774 Halleio.
1559 2734 1602 2774 4.
1646 2724 1723 2773 ἀεὶ
1753 2728 1836 2783 τῆς
1867 2743 1947 2785 με-

253 2789 412 2845 γίστης
453 2793 500 2833 et
531 2793 571 2833 5.
611 2803 647 2831 π
650 2787 1078 2861 ροσεκβαλλομένης
1109 2783 1950 2862 ἀοΙ.Ηε.116γ.9.ἆγε’σθωο-αν]

254 2848 346 2893 del.
379 2847 597 2892 Hultseh.
744 2852 813 2891 11.
846 2847 937 2890 τῶν
970 2844 1084 2920 ὑφ’]
1117 2846 1296 2905 scripsi,
1326 2843 1417 2903 vtp’
1429 2847 1596 2918 codd„
1630 2842 1721 2903 ἀφ’
1747 2846 1947 2890 Hultsch

255 2921 360 2950 cum
393 2901 1140 2979 Ηα11ε10.ἆποτμηθέντων]
1182 2907 1366 2964 scripsi,
1414 2902 1510 2950 ἀπὸ
1544 2905 1637 2950 τῶν
1669 2903 1947 2962 τμηθέντων

252 2966 402 3022 codd„
436 2963 592 3009 αὐτῶν
624 2963 902 3022 τμηθέντων
933 2964 1134 3010 Hultsoh
1167 2980 1271 3010 cum
1301 2965 1501 3010 Halleio.
