2046 3256
635 155 991 197 CONIGORUM
1019 156 1202 197 LIBER
1230 155 1307 198 1v.
1739 152 1806 204 77

134 279 189 330 et
235 274 395 328 ducta
432 276 546 327 AA
589 272 934 344 producatur3
982 274 1185 327 secabit
1228 275 1396 345 igitur
1442 275 1705 329 sectiones
1752 275 1811 328 in

34 355 49 382 '
135 364 241 418 alio
282 366 443 433 atque
484 362 588 415 alio
627 366 841 432 puncto
913 366 1055 416 secet
1090 363 1149 415 in
1186 366 1258 433 N,
1291 366 1376 431 M;
1415 363 1596 432 itaque
1633 366 1811 417 rectae

31 440 46 522 s
137 471 168 505 a
214 455 260 504 Z
305 451 373 504 ad
419 454 498 521 N,
522 453 596 503 M
633 450 822 504 ductae
869 451 1130 505 sectiones
1178 452 1495 521 contingent
1534 454 1707 521 [prop.
1745 451 1812 520 1],

137 543 192 594 et
229 541 409 595 eodem
452 539 626 609 modO,
666 558 772 609 quo
805 542 977 609 antea,
1016 540 1119 592 erit
1152 539 1271 609 [III‚
1303 540 1395 609 393
1435 539 1584 592 Eucl.
1617 539 1685 610 V,
1719 540 1810 606 16]

135 631 356 698 propter
381 629 606 682 alteram
630 628 922 682 sectionem
946 627 1054 688 ΞΔ
1079 632 1164 680 :A
1174 631 1219 680 Z
1244 653 1310 671 =
1339 628 1450 690 ΞΚ
1468 647 1479 680 :
1505 630 1628 698 KZ,
1652 647 1814 697 prop-

59 738 62 740 *
135 720 218 769 ter
265 718 490 770 alteram
538 719 715 770 autem
756 716 863 778 ΞΛ
888 735 900 769 :
925 720 1035 769 AZ
1060 742 1129 760 =
1154 715 1268 777 ΞΗ
1288 736 1299 769 :
1325 720 1456 786 HZ;
1507 717 1650 786 quod
1697 717 1816 770 fieri

50 824 54 854 1
136 823 245 859 non
287 808 482 875 potest.
560 823 687 875 ergo
728 805 892 858 sectio
933 805 1184 874 opposita
1221 823 1333 858 non
1373 809 1666 859 concurret.

883 954 1071 1010 XLIX.

251 1055 309 1110 Si
357 1056 656 1125 hyperbola
702 1057 930 1109 alteram
977 1057 1347 1126 oppositarum
1395 1056 1713 1126 contingens
1761 1057 1817 1110 in

141 1144 246 1197 alio
295 1162 505 1214 quoque
550 1148 751 1213 puncto
800 1164 919 1198 cum
968 1164 1031 1198 ea
1077 1145 1367 1214 concurrit,
1415 1146 1580 1198 sectio
1628 1145 1677 1197 ei
1725 1163 1818 1214 op-

141 1231 320 1301 posita
375 1251 495 1286 cum
550 1234 723 1286 altera
778 1234 1149 1302 oppositarum
1202 1235 1261 1287 in
1312 1233 1556 1302 pluribus
1602 1235 1818 1304 punctis

139 1338 248 1373 non
286 1324 566 1374 concurret
604 1340 764 1390 quam
794 1322 852 1373 in
891 1340 1013 1374 uno.

253 1409 362 1461 sint
400 1410 678 1477 oppositae
710 1406 887 1480 AjBF,
913 1413 1094 1478 EZH,
1136 1391 1189 1462 et
1224 1410 1521 1479 hyperbola
1553 1412 1732 1463 ΔΑΓ
1763 1410 1820 1462 in

141 1501 195 1549 A
235 1496 537 1566 contingat,
575 1497 632 1549 in
671 1498 725 1549 Γ
757 1500 937 1550 autem
977 1500 1140 1567 secet,
1180 1498 1356 1567 sitque
1396 1501 1554 1550 ΕΖΘ
1594 1497 1821 1550 sectioni

40 1625 41 1631 ,
146 1587 323 1637 ΔΑΓ
363 1585 625 1654 opposita.
710 1586 849 1655 dioc,
899 1603 1017 1638 eam
1065 1604 1185 1639 cum
1234 1587 1404 1640 altera
1451 1586 1820 1654 oppositarum

143 1672 200 1724 in
230 1673 472 1742 pluribus
504 1674 716 1741 punctis
755 1691 866 1726 non
904 1692 1214 1727 concurrere
1254 1693 1416 1744 quam
1455 1675 1510 1727 in
1550 1693 1672 1728 uno,

172 1778 174 1781 ⁴
254 1779 382 1813 nam
408 1791 410 1793 ·
436 1762 481 1814 si
533 1762 651 1814 fieri
703 1765 903 1831 potest,
958 1764 1241 1815 concurrat
1294 1763 1352 1815 in
1407 1762 1613 1815 duobus
1658 1766 1722 1832 E,
1762 1766 1823 1832 Z,

147 1849 469 1916 ducaturque
509 1853 635 1919 EZ,
681 1853 734 1903 et
777 1868 873 1919 per
911 1855 964 1902 A
1006 1850 1270 1903 sectiones
1310 1850 1628 1920 contingens
1668 1851 1822 1903 duca-

143 1941 235 1991 tur
271 1941 398 1991 AK.

259 2030 351 2080 aut
389 2027 556 2095 igitur
593 2028 880 2096 parallelae
921 2030 1047 2080 sunt
1086 2029 1180 2080 aut
1217 2045 1327 2080 non
1366 2028 1673 2096 parallelae.

257 2115 406 2183 prius
445 2115 733 2185 parallelae
774 2115 902 2184 sint,
959 2118 1012 2167 et
1050 2114 1343 2169 diametrus
1383 2118 1587 2168 rectam
1626 2119 1731 2168 EZ
1768 2116 1824 2167 in

151 2201 281 2255 duas
313 2205 492 2271 partes
526 2204 772 2271 aequales
807 2202 1048 2256 diuidens
1082 2203 1325 2272 ducatur3
1366 2222 1429 2256 ea
1453 2204 1620 2273 igitur
1651 2221 1747 2270 per
1771 2207 1825 2254 A

150 2290 330 2342 ueniet
352 2293 406 2342 et
431 2291 720 2344 diametrus
747 2292 847 2343 erit
865 2291 1158 2344 sectionum
1177 2292 1585 2361 coniugatarum
1604 2290 1695 2357 [IL
1714 2291 1824 2357 34].

148 2395 244 2445 per
282 2379 335 2429 Γ
372 2379 531 2431 rectis
577 2381 712 2448 AK,
743 2383 847 2431 ΕΖ
893 2380 1156 2448 parallela
1196 2380 1421 2433 ducatur
1461 2382 1708 2449 ΓΛΛΒ;
1763 2397 1826 2432 ea

149 2465 318 2533 igitur
358 2466 621 2520 sectiones
653 2468 709 2519 in
742 2469 847 2521 alio
882 2471 1042 2537 atque
1075 2469 1179 2521 alio
1211 2471 1411 2537 puncto
1445 2469 1661 2522 secabit.
1724 2467 1825 2519 erit

151 2551 318 2620 igitur
352 2553 399 2619 [I
423 2554 521 2607 def.
545 2556 602 2622 4]
636 2556 693 2608 in
725 2557 891 2608 altera
922 2559 1022 2609 ΓΛ
1045 2580 1115 2598 =
1141 2560 1192 2609 A
1203 2562 1279 2627 A,
1321 2557 1376 2608 in
1408 2557 1614 2626 reliqua
1646 2557 1826 2608 autem

151 2642 250 2692 ΓΛ
276 2666 345 2684 --
371 2644 492 2694 ΛΒ.
569 2643 672 2696 hoc
710 2662 837 2696 uero
876 2645 993 2696 fieri
1029 2663 1138 2698 non
1177 2648 1370 2714 potest.

263 2733 399 2798 AK,
432 2734 535 2782 ΕΖ
573 2732 741 2800 igitur
777 2733 1065 2801 parallelae
1104 2750 1171 2784 ne
1211 2733 1342 2802 sint,
1383 2732 1474 2785 sed
1513 2732 1570 2783 in
1609 2734 1666 2782 K
1702 2748 1827 2783 con-

156 2821 396 2887 currant,
442 2821 495 2869 et
532 2823 635 2873 ΓΔ
681 2823 858 2872 rectae
898 2823 1015 2871 ΑΚ
1055 2821 1317 2890 parallela
1364 2820 1523 2872 ducta
1565 2836 1684 2871 cum
1723 2821 1827 2869 EZ

155 2903 211 2955 in
249 2908 314 2956 N
346 2912 646 2977 concurrat,
693 2911 800 2960 AB
843 2910 1021 2960 autem
1060 2911 1262 2961 rectam
1302 2911 1404 2961 EZ
1442 2909 1498 2959 in
1536 2908 1669 2961 duas
1708 2924 1828 2975 par-
