2046 3256
761 173 1137 217 FRAGMENTA.
1692 171 1799 223 103

119 294 486 363 τελειωθῆναι
540 289 643 362 τὴν
700 290 989 346 σύνθεσιν.
1071 290 1133 346 τὸ
1192 290 1253 346 δὲ
1307 289 1381 360 δ’,
1436 291 1689 360 ποσαχῶς
1743 290 1807 342 αἱ

35 398 38 399 ’
116 383 230 436 τῶν
283 379 483 435 κώνων
536 379 700 450 τομαὶ
754 377 1017 449 ἀλλήλαις
1070 400 1128 434 τε
1177 378 1268 434 καὶ
1321 381 1386 451 τῇ
1442 380 1542 433 τοῦ
1591 375 1803 431 κύκλου

26 503 28 506 v
117 473 437 542 περιφερείᾳ
460 471 870 539 συμπίπτουσιν
894 467 986 522 καὶ
1012 468 1069 522 ἐκ
1093 473 1380 538 περισσοῦ,
1404 459 1484 521 ῶν
1503 462 1801 537 οὐδέτερον

117 554 224 612 ὑπὸ
278 559 391 612 τῶν
437 557 544 628 πρὸ
589 554 748 627 ἡμῶν
796 556 1118 626 γέγραπται,
1174 554 1360 610 κώνου
1405 556 1544 625 τομὴ
1592 555 1802 608 κύκλου

116 648 435 718 περιφερείᾳ
482 643 617 699 κατὰ
666 642 812 699 πόσα
862 654 1058 714 σημεῖα
1102 642 1404 713 συμβάλλει
1442 643 1534 696 καὶ
1574 638 1801 696 ἀντικεί-

119 755 280 804 μεναι
328 730 730 802 ἀντικειμέναις
767 729 902 786 κατὰ
943 730 1088 786 πόσα
1129 740 1326 800 σημεῖα
1366 729 1801 800 συμβάλλουσιν.

117 820 182 875 τὰ
231 821 293 876 δὲ
338 819 504 876 λοιπὰ
554 809 588 874 ὅ
634 817 1248 892 περιουσιαστικώτερα·
1299 821 1410 872 ἔστι
1449 818 1556 889 γὰρ
1595 819 1656 872 τὸ
1699 817 1802 888 μὲν

119 908 243 980 περὶ
291 910 592 980 ἐλαχίστων
632 908 723 963 καὶ
762 911 1038 979 μεγίστων
1085 906 1171 961 ἐπὶ
1210 912 1428 976 πλεῖον,
1474 904 1535 960 τὸ
1578 904 1638 960 δὲ
1676 909 1803 976 περὶ

118 1003 257 1052 ἴσων
295 996 388 1051 καὶ
429 994 639 1066 ὁμοίων
678 999 881 1067 τομῶν,
919 994 982 1050 τὸ
1025 993 1087 1049 δὲ
1127 995 1480 1065 ὃιοριστικῶν
1511 992 1802 1066 θεωρημά-

116 1105 253 1153 των,
293 1081 355 1139 τὸ
398 1083 458 1138 δὲ
496 1091 751 1138 κωνικῶν
789 1081 1195 1154 προβλημάτων
1236 1080 1667 1152 διωρισμένωνίζ.

222 1169 590 1237 Ἀπολλώνιος
630 1171 730 1242 μὲν
768 1174 955 1226 ταῦτα.

226 1291 274 1342 2.
315 1290 532 1360 Pappus
572 1290 701 1358 VII,
740 1291 813 1343 42
852 1310 901 1359 p.
943 1291 1073 1359 682,
1114 1290 1207 1341 21:

210 1391 363 1461 ’Ἑχει
400 1390 461 1446 δὲ
491 1389 557 1445 τὰ
580 1399 615 1461 ἧ
638 1394 827 1461 βιβλία
851 1387 963 1445 τῶν
982 1388 1356 1444 Ἀπολλωνίου
1379 1390 1634 1443 κωνικῶν
1658 1395 1802 1443 θεω-

116 1477 331 1549 ρήματα
361 1477 484 1549 ἤτοι
518 1478 905 1550 διαγράμματα
928 1467 1048 1548 W,
1082 1476 1333 1548 λήμματα
1367 1476 1429 1531 δὲ
1452 1474 1575 1546 ἤτοι
1599 1480 1802 1546 λαμβα-

117 1565 326 1636 νόμενά
367 1568 516 1622 ε’στιν
556 1570 634 1631 εἰς
673 1565 811 1622 αὐτὰ
852 1576 896 1622 ὅ.

230 1686 277 1738 3.
317 1685 533 1755 Pappus
573 1684 668 1755 IV,
709 1686 777 1739 59
818 1705 868 1754 p.
908 1686 1039 1739 270:

231 1792 407 1841 Δοκεῖ
459 1787 524 1841 δέ
570 1805 684 1851 πως
730 1783 1024 1858 ἁμάρτημα
1070 1783 1132 1840 τὸ
1181 1787 1441 1839 τοιοῦτον
1490 1783 1557 1839 οὐ
1603 1782 1805 1856 μικρὸν

118 1872 260 1929 εἶναι
305 1885 420 1939 τοῖς
465 1874 822 1946 γεωμέτραις,
875 1871 1011 1929 ὅταν
1059 1875 1321 1928 ἐπίπεδον
1367 1871 1660 1944 πρόβλημα
1709 1871 1803 1926 διὰ

119 1970 230 2017 τῶν
276 1965 528 2017 κωνικῶν
567 1959 601 2032 ἢ
641 1965 754 2017 τῶν
786 1964 1111 2034 γραμμικῶν
1143 1958 1253 2015 ὑπό
1285 1980 1435 2025 τινος
1467 1958 1804 2032 εὑρίσκηται,

118 2050 210 2104 καὶ
263 2049 326 2105 τὸ
383 2051 654 2120 σύνολον,
710 2048 844 2105 ὅταν
900 2051 954 2115 ἐξ
1009 2048 1293 2104 άνοικείου
1342 2046 1540 2118 λύηται
1585 2049 1802 2117 γένους,

120 2132 243 2192 οἶόν
275 2140 423 2193 ἐστιν
455 2139 516 2192 τὸ
553 2140 612 2193 ἐν
643 2140 719 2213 τῶ
751 2138 973 2211 πέμπτῳ
1006 2139 1118 2192 τῶν
1145 2134 1520 2191 Ἀπολλωνίου
1547 2138 1803 2190 κωνικῶν

120 2225 206 2280 ἐπὶ
245 2228 341 2296 τῆς
379 2230 698 2297 παραβολῆς
735 2226 1040 2297 πρόβλημα.

230 2346 282 2398 4.
314 2344 575 2398 Eutocius
606 2346 661 2397 in
694 2344 1070 2397 Archimedem
1101 2343 1185 2395 III
1216 2363 1265 2412 p.
1299 2343 1406 2395 332
1439 2341 1517 2394 ed.
1543 2341 1804 2411 Heiberg:

238 2443 315 2498 Τὰ
365 2443 530 2516 ὅμοια
573 2444 824 2516 τμήματα
869 2447 982 2499 τῶν
1032 2446 1131 2499 τοῦ
1170 2442 1358 2498 κώνου
1394 2445 1580 2513 τομῶν
1613 2440 1805 2497 Ἀπολ-

123 2531 321 2597 λώνιος
368 2535 604 2603 ὡρίσατο
651 2535 710 2588 ἐν
749 2536 823 2608 τῷ
867 2534 1000 2606 ἕκτῳ
1039 2535 1236 2605 βιβλίῳ
1276 2532 1389 2585 τῶν
1427 2532 1699 2598 κωνικῶν,
1740 2531 1802 2584 ἐν

241 2655 280 2692 5.
320 2647 441 2693 κατά
479 2674 536 2682 -
577 2647 845 2709 συμβάλλει]
890 2648 978 2692 del.
1020 2646 1233 2692 Hultsch.
1389 2651 1455 2690 13.
1505 2646 1562 2702 ἢ]
1603 2646 1803 2689 Hultsch

124 2719 228 2750 cum
252 2707 450 2764 Halleio‚
487 2714 506 2752 ἓ
534 2708 666 2752 codd.
763 2713 830 2751 14.
856 2703 960 2763 ἤτοι
979 2707 1095 2762 (alt.)
1124 2732 1178 2738 —-
1207 2710 1275 2750 15.
1302 2701 1446 2762 αὐτά]
1474 2704 1563 2748 del.
1588 2703 1802 2748 Hultsch.

184 2770 254 2809 21.
297 2765 511 2825 πέμπτῳ]
552 2766 717 2824 πρώτῳ
748 2765 970 2820 Hultsoh‚
1020 2765 1098 2810 sed.
1129 2780 1173 2808 u.
1206 2763 1418 2817 Tannery
1456 2761 1705 2805 M6moires
1744 2762 1803 2806 de

124 2822 172 2866 la.
211 2824 380 2868 εοοίόὺό
421 2825 503 2868 des
543 2826 746 2869 scienees
776 2824 1033 2880 physiques
1074 2825 1122 2868 eh
1160 2821 1414 2866 ηκτοι-(31198
1456 2819 1512 2863 de
1544 2820 1803 2877 Bordeaux,

126 2884 175 2923 2Θ
199 2882 328 2997 8έῖἰέ
338 2882 382 2926 V
403 2898 448 2939 p.
468 2886 521 2926 51
534 2897 616 2939 sq„
648 2883 729 2939 qui
751 2885 876 2928 recte
902 2882 1016 2927 haec
1049 2882 1109 2925 ad.
1142 2895 1241 2925 con.
1268 2880 1323 2934 V,
1350 2884 1403 2922 62
1436 2877 1631 2923 rettulit.
1729 2883 1804 2925 25.

126 2937 244 2999 ἕκτῳ
332 2941 386 2985 ef.
414 2946 453 2984 7.

1835 1093 1889 1132 10

1833 1577 1890 1617 15

1833 2061 1892 2101 20

1834 2541 1892 2581 25
