2046 3256
235 150 340 204 118
889 155 1273 199 FRAGMENTA.

232 272 374 339 δρου
429 281 660 341 σημεῖον
709 267 994 342 ὁμοταχῶς
1049 269 1130 327 ἐπ’
1184 270 1356 344 αὐτῆς
1402 276 1638 345 κινῆται.
1721 278 1932 346 γίνεται

229 357 336 429 γὰρ
385 360 516 430 ἕλιξ,
557 352 622 430 ἧς
664 355 1012 432 ὃμοιομερῶς
1048 360 1231 417 πάντα
1268 361 1335 417 τὰ
1378 362 1515 433 μέρη
1554 364 1725 420 πᾶσιν
1766 366 1933 438 ἐφαρ-

228 446 396 519 μόζει,
437 447 693 520 καθάπερ
728 445 1098 515 Ἀπολλώνιος
1129 452 1190 506 ἐν
1220 453 1299 525 τῷ
1334 451 1481 524 περὶ
1513 455 1630 508 τοῦ
1659 458 1934 526 κοχλίου

228 535 509 608 γράμματι
549 540 853 594 δείκνυσιν.
933 540 1302 611 Cfr.p.105,
1347 543 1430 595 14.

169 652 195 691 5
342 644 428 696 27.
469 642 684 714 Pappus
724 643 885 709 VIII,
924 645 995 698 49
1035 647 1296 715 p.1110,
1340 647 1407 700 16
1451 665 1550 718 sq.:

336 727 431 784 Ἐν
489 722 533 806 ᾧ
586 728 693 801 γὰρ
749 730 934 805 χρόνῳ
988 731 1050 788 τὸ
1105 735 1159 788 A
1213 733 1300 788 ἐπὶ
1355 732 1417 789 τὸ
1467 740 1514 789 Β
1567 739 1930 807 παραγίνεται

230 814 448 888 ὁμαλῶς
500 819 865 891 κινούμενον,
921 823 982 876 ἐν
1036 821 1215 897 τούτῳ
1271 822 1362 877 καὶ
1413 820 1448 893 ἡ
1497 829 1606 878 ΑΒ
1652 823 1791 881 κατὰ
1835 829 1934 898 τῆς

229 908 557 976 ἐπιφανείας
594 911 696 964 τοῦ
727 913 1035 981 κυλίνδρου
1074 918 1371 981 κινηθεῖσα
1411 915 1488 977 εἰς
1525 910 1587 968 τὸ
1628 911 1764 969 αὐτὸ
1799 911 1933 970 ἀπο-

223 1000 581 1067 καθίσταται,
628 998 721 1053 καὶ
758 997 821 1053 τὸ
864 1000 1162 1072 εἰρημένον
1203 999 1479 1071 φέρεσθαι
1521 1013 1752 1072 σημεῖον
1790 1002 1928 1059 κατὰ

138 1098 194 1138 10
224 1092 322 1155 τῆς
354 1091 462 1140 AB
496 1084 723 1152 εὐθείας
755 1086 956 1158 γράψει
987 1087 1092 1159 τὴν
1123 1088 1520 1161 μονόστροφον
1554 1092 1729 1147 ἕλικα·
1764 1095 1928 1149 τοῦτο

222 1172 330 1246 γὰρ
368 1172 742 1241 Ἀπολλώνιος
782 1174 810 1232 ὃ
860 1176 1105 1248 Περγεὺς
1144 1175 1446 1244 ἀπέδειξεν.

410 1325 834 1396 Comparatio
877 1326 1259 1381 dodeoaedri
1302 1332 1363 1382 et
1402 1329 1741 1384 ieosaedri.

334 1430 420 1483 28.
462 1430 750 1499 Hypsicles
793 1430 1225 1498 (Elementorum
1259 1433 1396 1485 liber
1434 1432 1566 1486 XIV
1600 1435 1693 1503 qui
1728 1432 1925 1506 ferizur)

221 1517 274 1571 V
312 1537 364 1587 p.
404 1520 453 1587 2,
498 1522 524 1571 1
569 1537 645 1589 sq.
687 1519 766 1572 ed.
807 1518 1070 1590 Heiberg:

136 1616 190 1657 15
337 1610 669 1677 Βασιλείδης
710 1603 739 1661 ὁ
788 1605 1016 1678 Τύριος,
1058 1601 1101 1663 ὦ
1141 1608 1472 1679 Πρώταρχε,
1517 1610 1928 1682 παραγενηθεὶς

219 1697 300 1759 εἰς
332 1690 757 1766 Ἀλεξάνδρειαν
803 1695 897 1750 καὶ
945 1697 1246 1762 συσταθεὶς
1291 1699 1366 1772 τῷ
1414 1698 1580 1769 πατρὶ
1627 1696 1787 1770 ἡμῶν
1832 1698 1927 1755 διὰ

218 1782 321 1853 τὴν
355 1781 465 1838 άπὸ
498 1787 601 1839 τοῦ
630 1783 962 1855 μαθήματος
986 1786 1318 1856 συγγένειαν
1353 1787 1746 1858 συνδιέτριψεν
1771 1786 1922 1864 αὐτῷ

218 1870 320 1934 τὸν
358 1878 620 1928 πλεῖστον
658 1876 755 1943 τῆς
795 1875 1088 1945 ἐπιδημίας
1117 1873 1343 1945 χρόνον.
1407 1880 1507 1930 καί
1531 1895 1664 1931 ποτε
1697 1882 1923 1948 ζητοῦν-

219 1982 306 2025 τες
351 1959 412 2016 τὸ
463 1959 574 2016 ὑπὸ
620 1959 999 2018 Ἀπολλωνίου
1046 1963 1371 2035 συγγραφὲν
1418 1964 1567 2034 περὶ
1614 1967 1726 2036 τῆς
1772 1981 1922 2036 συγ-

136 2058 192 2098 20
224 2053 502 2119 κρίσεως
540 2052 656 2105 τοῦ
697 2053 1160 2121 δωδεκαέδρου
1199 2053 1302 2107 καὶ
1336 2057 1452 2108 τοῦ
1485 2055 1923 2124 εἰκοσαέδρου

220 2141 336 2193 τῶν
376 2141 454 2203 είς
492 2139 597 2209 τὴν
638 2138 814 2209 αὐτὴν
856 2151 1102 2211 σφαῖραν
1142 2141 1604 2213 ἐγγραφομένων,
1647 2147 1773 2199 τίνα
1813 2148 1922 2215 ἔχει

219 2226 392 2297 λόγον
438 2226 577 2298 πρὸς
624 2225 861 2298 ἄλληλα,
911 2231 1110 2296 ἔδοξαν
1157 2233 1329 2285 ταῦτα
1378 2229 1452 2301 μὴ
1499 2229 1688 2302 ὀρθῶς
1725 2253 1921 2302 γεγρα-

219 2316 457 2385 φηκέναι
495 2315 596 2371 τὸν
624 2313 1019 2388 Ἀπολλώνιον,
1060 2318 1220 2373 αὐτοὶ
1260 2318 1322 2373 δὲ
1360 2321 1533 2373 ταῦτα
1571 2319 1921 2391 καθάραντες

217 2406 488 2475 ἔγραψαν,
529 2402 601 2469 ὡς
639 2398 712 2474 ἦν
753 2402 982 2461 ἀκούειν
1021 2410 1123 2462 τοῦ
1161 2405 1381 2478 πατρός.
1445 2406 1551 2477 ε’γω
1587 2407 1649 2463 δὲ
1679 2405 1918 2475 ὕστερον

128 2507 185 2546 25
217 2493 545 2564 περιέπεσον
586 2492 753 2567 ἑτέρῳ
794 2497 992 2569 βιβλίῳ
1026 2492 1135 2550 ὑπὸ
1164 2492 1542 2551 Ἀπολλωνίου
1574 2496 1917 2572 ἐκδεδομένςο

215 2580 533 2653 περιέχοντί
575 2602 702 2635 τινα
749 2578 1037 2648 ἀπόδειξιν
1079 2583 1205 2653 περὶ
1243 2586 1345 2638 τοῦ
1385 2585 1779 2655 προκειμένου,
1827 2585 1917 2639 καὶ

215 2669 468 2740 μεγάλως
517 2668 966 2740 ἐψυχαγωγήθην
1016 2672 1103 2726 ἐπὶ
1149 2674 1214 2744 τῇ
1262 2675 1364 2727 τοῦ
1404 2671 1792 2745 προβλήματος
1832 2678 1916 2744 ζη-

215 2757 384 2828 τήσει.
467 2756 529 2813 τὸ
586 2757 688 2828 μὲν
745 2750 849 2812 οὖν
903 2755 1010 2814 ὑπὸ
1063 2756 1441 2815 Ἀπολλωνίου
1489 2761 1725 2817 ἐκδοθὲν
1772 2765 1916 2817 ἔοικε

216 2850 378 2918 κοινῇ
430 2855 675 2901 σκοπεῖν·
727 2846 819 2901 καὶ
866 2845 971 2918 γὰρ
1019 2849 1372 2921 περιφέρεται
1422 2853 1631 2905 δοκοῦν
1678 2848 1915 2920 ὕστερον

128 2947 184 2987 30
216 2933 540 3006 γεγράφθαι
581 2934 918 3005 φιλοπόνως.
