2046 3256
1983 0 2000 31 w

208 171 279 224 92
874 172 1153 218 ΚΩΝΙΚΩΝ
1185 169 1248 217 δ’.
2010 0 2043 365 l

320 290 433 346 ἐπεὶ
483 283 587 346 οὗν
626 288 661 361 ἡ
702 295 871 346 ΒΓΔ
908 292 1047 347 κατὰ
1089 289 1193 347 δύο
1233 291 1420 363 τέμνει
1461 288 1916 365 ἀπεστραμμένοι

207 384 412 452 ἔχουσα
451 380 518 434 τὰ
559 381 753 451 κυρτά,
793 377 827 452 ἡ
862 386 974 445 ΕΖ
1011 383 1078 454 τῇ
1124 387 1229 438 ΑΒ
1270 378 1338 436 οὐ
1381 391 1751 452 συμπεσεῖται.
1812 379 1915 436 πά-
2041 415 2044 427 ψ

205 475 298 525 λιν
331 470 448 525 ἐπεὶ
481 468 515 543 ἡ
549 473 719 524 ΒΓΔ
757 472 854 541 τῆς
885 475 991 524 ΑΒ
1025 469 1324 541 ἐφάπτεται
1843 514 1895 551 A

205 558 343 613 κατὰ
375 556 438 615 τὸ
462 564 510 613 Β
544 557 997 631 ἀντεστραμμένα
1029 564 1233 630 ἔχουσα
1257 557 1324 614 τὰ

146 659 173 699 5
205 648 399 719 κυρτοῖ,
431 645 466 719 ἡ
491 654 596 703 ΕΖ
625 652 692 721 τῇ
719 654 823 704 ΓΛ
856 647 923 704 οὐ
953 659 1323 720 συμπεσεῖται.
1699 678 1751 718 Γ
2023 670 2031 713 ς

205 733 239 808 ἡ
287 735 395 810 ἄρα
436 743 540 792 ΕΖ
588 735 856 812 οὐδετέρᾳ
893 740 1006 793 τῶν
1053 743 1189 808 ΑΒ,
1222 742 1325 792 ΓΔ

204 829 394 898 τομῶν
428 837 806 899 συμπεσεῖται·
837 824 975 881 κατὰ
1009 826 1111 881 δύο
1144 825 1323 896 μόνον
1382 854 1428 891 A

207 914 315 989 ἄρα
354 915 420 971 τὰ
461 921 526 987 Γ,
561 923 616 971 A
655 914 1091 987 συμβάλλουσιν.
1488 922 1685 1031 f}

317 1004 459 1060 ἀλλὰ
493 1004 563 1076 δὴ
595 1004 699 1076 τὴν
730 1009 843 1060 ΓΔ
872 1002 907 1076 ἡ
942 1008 1052 1059 ΒΓ
1081 1004 1322 1075 τεμνέτω
1495 983 1546 1022 B

121 1106 178 1146 10
209 1092 344 1150 καθ’
374 1097 436 1150 ἓν
470 1105 699 1166 σημεῖον
731 1091 793 1148 τὸ
825 1097 888 1164 Γ,
930 1091 1003 1159 ὡς
1043 1093 1130 1148 ἐπὶ
1169 1095 1271 1149 τοῦ
1314 1096 1580 1167 δευτέρου
1619 1094 1912 1168 σχήματος.

206 1181 241 1256 ἡ
288 1181 398 1256 ἄρα
446 1189 551 1239 ΕΖ
598 1185 664 1256 τῇ
713 1182 816 1254 μὲν
862 1187 968 1238 ΓΛ
1016 1180 1084 1238 οὐ
1132 1192 1516 1255 συμπεσεῖται,
1572 1187 1640 1257 τῇ
1689 1185 1752 1241 δὲ
1797 1192 1911 1241 ΑΒ

208 1285 567 1345 συμπεσεῖται
612 1271 747 1328 καθ’
796 1274 856 1327 ’ἓν
903 1272 1097 1344 μόνον.
1176 1276 1228 1327 εἰ
1270 1273 1380 1343 γὰρ
1426 1274 1564 1328 κατὰ
1614 1273 1719 1330 δύο
1768 1290 1903 1347 συμ-

205 1361 401 1434 βάλλει
439 1385 474 1434 η
508 1368 613 1418 ΕΖ
651 1365 718 1435 τῇ
751 1367 884 1432 ΑΒ,
936 1383 971 1433 η
1012 1365 1124 1417 ΒΓ
1161 1364 1227 1435 τῇ
1267 1367 1380 1417 ΓΔ
1420 1362 1488 1418 οὐ
1527 1375 1907 1434 συμπεσεῖται·

207 1448 497 1507 ὑπόκειται
542 1451 603 1507 δὲ
644 1450 1044 1524 συμβάλλουσα
1082 1448 1211 1506 καθ’
1254 1452 1330 1507 ἕν.

124 1551 179 1591 15
325 1545 376 1597 εἰ
415 1541 476 1597 δὲ
515 1540 550 1612 ἡ
591 1546 701 1596 ΒΓ
732 1549 799 1614 τῇ
841 1547 897 1595 A
934 1543 1075 1613 τομῇ
1117 1539 1190 1612 μὴ
1232 1545 1538 1614 συμπίπτῃ,
1578 1539 1653 1608 ὥς
1684 1541 1772 1597 ἐπὶ
1810 1545 1912 1598 τοῦ

207 1635 401 1702 τρίτου
449 1629 751 1702 σχήματος,
802 1628 896 1684 διὰ
942 1629 1046 1701 μὲν
1090 1628 1157 1684 τὰ
1203 1631 1580 1702 προειρημένα
1625 1628 1660 1703 ἡ
1701 1636 1804 1686 ΕΖ
1840 1635 1907 1705 τῇ

207 1725 263 1773 A
310 1717 379 1775 οὐ
428 1729 807 1790 συμπεσεῖται,
854 1716 888 1789 ἡ
941 1717 1002 1772 δὲ
1042 1723 1145 1772 ΕΖ
1188 1721 1254 1791 τῇ
1295 1724 1403 1774 ΑΒ
1446 1716 1514 1774 οὐ
1554 1731 1910 1792 συμπεσεῖται

208 1806 347 1864 κατὰ
386 1812 617 1863 πλείονα
657 1817 854 1878 σημεῖα
895 1803 928 1878 ἢ
971 1806 1092 1862 δύο.

819 1932 1367 2275 <CBA
1675 1960 1827 2324 g

262 2401 314 2437 A

326 2484 423 2542 ἐὰν
465 2485 526 2541 δὲ
567 2488 628 2540 αἰ
663 2486 827 2557 τομαὶ
868 2486 955 2541 ἐπὶ
993 2485 1060 2541 τὰ
1102 2483 1242 2541 αὐτὰ
1281 2484 1347 2540 τὰ
1384 2490 1545 2540 κοῖλα
1585 2488 1812 2557 ἔχωσιν,
1853 2489 1916 2541 αἱ

121 2586 178 2626 20
210 2571 374 2630 αὐταὶ
414 2573 725 2640 ἀποδείξεις
762 2574 1088 2646 ἁρμόσουσι.

321 2661 458 2719 κατὰ
498 2661 678 2728 πάσας
717 2656 820 2718 οὖν
860 2664 957 2728 τὰς
997 2663 1362 2735 ἐνδεχομένας
1403 2660 1700 2729 διαστολὰς
1732 2662 1909 2734 δῆλόν

211 2754 362 2807 ἐστιν
402 2753 460 2807 ἐκ
498 2760 614 2807 τῶν
656 2752 1029 2822 δεδειγμένων
1068 2750 1130 2807 τὸ
1170 2751 1460 2824 προτεθέν.

332 2919 372 2958 7.
415 2912 523 2971 δύο]
557 2929 611 2971 p,
651 2910 704 2958 τὸ
739 2902 851 2973 JV.
1010 2918 1078 2958 13.
1120 2914 1234 2972 ΒΓ]
1276 2917 1407 2958 ΒΓΔ
1437 2913 1540 2971 Vp,
1583 2926 1697 2958 corr.
1731 2911 1905 2958 Comm.

274 2977 343 3017 17.
376 2973 439 3031 A]
479 2977 559 3017 ΓΔ
592 2972 689 3030 Vp,
722 2986 837 3019 corr.
871 2973 1047 3020 Comm.
