2046 3256
205 127 311 180 158
675 125 1113 170 COMMENTARIA
1143 123 1426 176 ANTIQUA.

203 246 296 300 καὶ
337 243 535 316 ὅμοιον
574 249 636 301 τὸ
669 247 843 299 ΑΒΓ
873 247 1150 316 τρίγωνον
1189 244 1264 316 τῷ
1298 245 1467 295 ΔΕΖ
1505 237 1779 315 τριγώνῳ,
1819 236 1903 295 ὅτι

203 335 294 390 καὶ
334 337 395 390 τὸ
437 338 620 388 ΑΒΗ
650 337 931 405 τρίγωνον
967 334 1044 407 τῷ
1090 335 1263 387 ΛΕΘ
1301 327 1559 404 τριγώνῳ
1601 326 1816 400 ὅμοιον.

319 465 414 521 ια’.
468 463 650 520 ’Ἑστω
708 465 811 521 δύο
865 464 1031 538 ὅμοια
1077 469 1322 537 τρίγωνα
1544 442 1600 484 A

203 554 270 609 τὰ
305 559 488 624 ΑΒΓ,
517 560 702 625 ΔΕΖ,
742 555 835 610 καὶ
873 555 1106 610 κάθετοι
1138 552 1322 626 ἤχθω·
1420 494 1700 691 AEp
1763 636 1812 677 Δ

146 659 171 697 5
206 661 312 699 σαν
354 646 417 698 αἱ
450 648 586 713 ΑΗ,
618 649 752 699 ΔΘ·
811 642 895 700 ὅτι
936 645 1107 713 ἐστίν,
1148 641 1224 708 ὥς
1260 647 1322 699 τὸ
1370 653 1419 693 B

204 730 314 788 ὑπὸ
349 736 525 787 ΒΗΓ
555 735 693 803 πρὸς
729 735 791 787 τὸ
829 730 936 788 ἀπὸ
969 738 1106 802 ΑΗ,
1147 730 1325 798 οὕτως
1534 685 1588 723 II
1659 688 1833 828 A

204 825 267 877 τὸ
322 818 430 877 ὑπὸ
480 826 640 876 ΕΘΖ
686 821 829 890 πρὸς
867 822 928 875 τὸ
974 819 1080 877 ἀπὸ
1122 827 1249 877 ΘΔ.
1609 801 1660 842 E
1743 833 1779 875 θ
1836 799 1882 839 Z

318 913 484 965 τοῦτο
534 908 596 964 δὲ
644 907 921 981 φανερόν,
979 907 1064 965 ὅτι
1113 907 1312 981 ὅμοιον
1367 914 1579 981 γίνεται
1637 921 1751 975 τοῖς
1795 908 1904 982 πρὸ

262 996 275 1017 5
359 1002 382 1012 η

208 1020 399 1054 αυτου.

122 1148 175 1187 10
324 1131 419 1202 ιβ’.
461 1130 645 1187 ’Ἑστω
687 1138 778 1202 ἴση
820 1129 854 1203 ἡ
896 1131 998 1202 μὲν
1030 1138 1077 1186 Β
1116 1137 1295 1203 γωνία
1333 1141 1399 1206 τῇ
1444 1139 1509 1204 Ε,
1549 1130 1803 1188 ἐλάσσων
1844 1131 1906 1187 δὲ

206 1219 240 1292 ἡ
276 1228 329 1276 Α
366 1223 462 1291 τῆς
495 1227 570 1275 A·
613 1217 700 1276 ὅτι
738 1218 772 1291 ἡ
806 1225 908 1275 ΓΒ
947 1219 1089 1293 πρὸς
1119 1226 1230 1276 ΒΑ
1270 1223 1547 1278 ἐλάσσονα
1585 1219 1759 1292 λόγον
1796 1224 1905 1293 ἔχει

206 1308 345 1381 ἤπερ
386 1306 420 1380 ἡ
463 1315 570 1364 ΖΕ
604 1310 745 1382 πρὸς
781 1315 909 1365 ΕΔ.
1670 1381 1736 1421 A

322 1399 439 1454 ἐπεὶ
499 1396 607 1470 γὰρ
671 1397 925 1455 ἐλάσσων
987 1396 1021 1469 ἡ
1082 1406 1135 1453 Α
1195 1404 1374 1470 γωνία

206 1491 303 1559 τῆς
351 1494 407 1542 A
417 1530 432 1558 a
481 1486 800 1543 συνεστάτω
849 1486 990 1560 αὐτῇ
1040 1495 1131 1559 ἴση
1180 1486 1214 1559 ἡ
1261 1486 1371 1544 ὑπὸ
1499 1427 1731 1631 Δ

1734 1588 1789 1626 Γ

122 1590 175 1630 15
210 1581 415 1632 ΕΔΗ·
481 1580 631 1632 ἔστιν
687 1574 822 1649 ἄρα,
878 1573 955 1641 ὦς
1005 1574 1039 1647 ἡ
1089 1581 1189 1632 ΓΒ
1236 1576 1375 1650 πρὸς
1440 1607 1492 1651 B
1730 1649 1781 1688 Δ

208 1663 572 1739 ΒΑ,,οῧτως
617 1663 651 1736 ἡ
691 1669 815 1720 ΕΗ
852 1663 992 1737 πρὸς
1038 1671 1152 1719 EA
1201 1667 1373 1735 [Euel.

208 1756 303 1826 VI,
343 1757 419 1823 4].
495 1751 637 1809 ἀλλὰ
685 1754 777 1808 καὶ
825 1751 859 1824 ἡ
907 1756 1029 1808 ΕΗ
1075 1753 1215 1827 πρὸς
1260 1761 1374 1809 EA
1519 1686 1846 1908 Δ

209 1842 487 1898 ἐλάσσονα
554 1841 728 1913 λόγον
796 1846 905 1913 ἔχει
966 1841 1106 1915 ἤπερ
1170 1840 1204 1914 ἡ
1270 1849 1378 1897 ΖΕ

208 1932 348 2002 πρὸς
380 1937 496 1985 EA
530 1933 700 2002 [Eucl.
727 1932 792 2001 V,
818 1932 898 2000 8]·
938 1930 1030 1986 καὶ
1061 1928 1095 2001 ἡ
1123 1935 1223 1985 ΓΒ
1265 1930 1373 2003 ἄρα
1462 1889 1520 1930 E
1729 1914 1790 1955 ff
1848 1886 1893 1927 Z

121 2035 177 2074 20
208 2019 350 2091 πρὸς
387 2018 491 2090 τὴν
531 2025 642 2075 ΒΑ
690 2017 969 2074 ἐλάσσονα
1007 2019 1180 2090 λόγον
1222 2024 1329 2092 ἔχει
1368 2020 1507 2094 ἥπερ
1547 2021 1581 2096 ἡ
1624 2030 1732 2079 ΖΕ
1770 2023 1908 2095 πρὸς

208 2109 312 2179 τὴν
352 2114 479 2164 ΕΔ.
555 2109 647 2163 καὶ
693 2106 874 2163 πάντα
923 2107 985 2163 δὲ
1031 2109 1097 2164 τὰ
1143 2114 1374 2167 τοιαῦτα
1420 2115 1489 2186 τῇ
1534 2111 1675 2186 αὐτῇ
1715 2111 1906 2185 ἀγωγῇ

211 2200 477 2268 δείξομεν.

325 2328 419 2400 ιγ’.
465 2327 675 2398 ”Εστω,
732 2325 808 2391 ὥς
852 2326 915 2382 τὸ
963 2325 1072 2384 ὑπὸ
1115 2335 1293 2386 ΒΗΓ
1339 2331 1479 2403 πρὸς
1515 2333 1577 2389 τὸ
1621 2330 1728 2388 ἀπὸ
1769 2337 1906 2402 ΑΗ,

214 2417 389 2483 οὕτως
427 2414 491 2472 τὸ
527 2413 638 2470 ὑπὸ
675 2420 835 2470 ΕΘΖ
874 2417 1015 2487 πρὸς
1053 2418 1115 2472 τὸ
1157 2416 1265 2475 ἄπο
1300 2426 1428 2491 ΔΘ,
1466 2421 1560 2476 καὶ
1592 2418 1626 2492 ἧ
1658 2420 1760 2492 μὲν
1793 2425 1907 2475 ΒΗ

124 2523 179 2563 25
211 2511 276 2581 τῇ
309 2510 431 2562 ΗΓ
462 2509 600 2560 ἔστω
635 2510 745 2574 ἴση,
787 2500 820 2573 ἡ
855 2503 917 2558 δὲ
948 2510 1067 2560 ΓΗ
1097 2506 1239 2579 πρὸς
1268 2513 1388 2562 ΗΑ
1424 2508 1701 2565 ἐλάσσονα
1732 2507 1905 2580 λόγον

214 2598 376 2668 ἐχέτω
416 2593 557 2666 ἥπερ
599 2590 631 2664 ἡ
675 2597 774 2646 ΖΘ
813 2593 956 2664 πρὸς
995 2599 1121 2648 ΘΔ·
1175 2593 1260 2651 ὅτι
1300 2601 1499 2668 μείζων
1538 2597 1689 2653 ἐστὶν
1727 2595 1761 2668 ἡ
1805 2602 1907 2651 ΖΘ

211 2693 308 2756 τῆς
349 2689 468 2738 ΘΕ.

327 2772 442 2828 ἐπεὶ
481 2772 590 2842 γὰρ
630 2768 691 2826 τὸ
732 2766 841 2824 ἀπὸ
885 2774 1004 2824 ΓΗ
1035 2770 1177 2842 πρὸς
1215 2773 1277 2828 τὸ
1321 2772 1429 2829 ἀπὸ
1470 2779 1590 2828 ΗΑ
1630 2771 1906 2829 ἐλάσσονα

336 2924 403 2964 17.
438 2914 542 2962 ἀλλ’
573 2916 676 2963 ἐπεὶ
709 2913 736 2973 ἡ
773 2919 874 2961 ΕΗ
901 2917 1020 2962 coni.
1053 2917 1267 2965 Hultsch.
