2020 3236
413 158 663 200 EUTOCII
697 158 1132 201 COMMENTARIA
1162 161 1226 202 IN
1263 151 1498 203 CONICA.
1563 197 1565 199 .
1680 157 1785 211 307

8 314 10 317 v
103 277 514 347 obseruandum,
554 276 649 347 ait,
686 279 747 329 uf,
784 277 918 329 haec
957 280 1158 346 puncta
1198 281 1349 330 exhra
1381 297 1436 331 se
1468 279 1646 346 posita
1678 275 1789 333 sint

103 383 275 436 neque
313 369 380 433 A,
418 369 465 418 B
506 365 650 418 intra
688 367 748 434 P,
789 369 845 417 A
883 366 970 418 uel
1008 368 1067 436 Γ,
1109 370 1163 418 A
1201 366 1344 419 intra
1384 371 1450 436 A,
1489 370 1549 420 Β.

214 453 487 534 sciendum
542 455 744 522 autem,
799 453 962 506 etiam
1012 454 1070 506 in
1117 453 1554 523 contingentibus
1602 455 1787 508 eadem

101 542 332 595 euenire.

647 629 697 681 A
707 629 740 681 d
778 648 812 697 Ρ
823 648 849 680 r
859 647 888 682 o
898 649 948 698 p.
986 628 1244 683 XXVIII.

214 730 419 801 Operae
456 732 691 802 precium
724 735 807 785 est
835 731 1122 802 inquirere,
1159 733 1305 784 linea
1340 723 1503 786 curua
1532 734 1590 785 in
1621 734 1784 802 plano

101 820 227 874 data
282 822 464 873 utrum
520 820 707 874 circuli
762 824 832 874 sit
887 839 1041 874 arcus
1098 838 1168 873 an
1222 821 1330 873 alia
1384 821 1566 890 aliqua
1618 823 1784 874 trium

104 908 225 962 coni
265 907 561 961 sectionum
603 927 670 961 an
712 909 819 961 alia
856 912 1069 978 praeter
1108 908 1223 961 has.

216 996 287 1049 sit
315 995 484 1066 igitur
515 997 642 1050 data
672 999 851 1067 ΑΒΓ,
893 999 945 1049 et
976 997 1312 1065 propositum
1345 997 1432 1066 siis,
1461 1000 1521 1049 ut
1554 998 1784 1065 speciem

0 1081 4 1167 Ι
103 1084 215 1146 eius
256 1102 572 1153 quaeramus
614 1103 700 1153 eo,
740 1102 844 1154 quo
886 1084 1139 1149 diximus,
1178 1084 1353 1138 modo,

212 2009 490 2059 sumantur
520 2008 578 2060 in
607 2008 750 2060 linea
780 2011 981 2076 puncta
1013 2008 1192 2076 aliqua
1222 2010 1282 2077 Γ,
1318 2013 1388 2075 A,
1421 2012 1475 2063 et
1505 2027 1600 2078 per
1631 2012 1691 2074 Γ,
1725 2015 1781 2062 A

98 2097 299 2162 puncta
350 2101 528 2149 rectae
583 2096 798 2165 aliquae
851 2095 994 2148 inter
1049 2114 1105 2148 se
1151 2097 1438 2164 parallelae
1487 2100 1609 2165 ΓΒ,
1665 2101 1782 2149 ΔΕ

100 2183 361 2237 ducantur
405 2184 549 2236 intra
594 2184 794 2236 lineam
840 2183 1182 2252 terminatae,
1230 2188 1282 2235 et
1321 2202 1503 2237 rursus
1544 2203 1575 2236 a
1615 2187 1675 2249 Γ,
1723 2189 1778 2236 A

216 2371 270 2414 In
299 2373 375 2428 fig.
412 2377 434 2415 1
471 2375 530 2427 Γ,
558 2377 599 2415 A
629 2373 868 2427 permutat
898 2370 980 2426 W,
1012 2372 1227 2415 ΚΘΛΜ
1251 2386 1360 2427 om.;
1395 2371 1444 2415 in
1475 2372 1551 2427 fig.
1585 2376 1610 2415 2
1643 2375 1710 2431 K,
1737 2373 1777 2416 Θ

15 2482 32 2496 ⁰
98 2432 344 2486 permutat,
376 2433 443 2485 M,
466 2435 505 2473 A
538 2443 625 2474 om.
1440 2445 1450 2453 ·

103 2632 289 2691 φέρεια)
319 2648 373 2689 p,
413 2633 722 2690 περιφέρειαν
755 2633 828 2687 W,
871 2647 985 2678 corr,
1018 2634 1186 2691 Halley
1219 2648 1324 2679 cum
1357 2633 1531 2678 Comm.
1664 2639 1703 2678 8.
1745 2629 1774 2688 ἢ

97 2690 232 2750 ἄλλη]
266 2692 453 2749 scripsi,
485 2693 699 2736 lacunam
731 2695 846 2736 5-—6
877 2692 970 2738 litt.
1003 2692 1077 2748 W,
1115 2692 1202 2737 lac.
1235 2706 1429 2748 paruam
1458 2708 1511 2748 Ρ,
1544 2687 1573 2747 ἥ
1605 2691 1776 2747 Halley

97 2764 201 2794 cum
235 2749 409 2795 Comm.
546 2756 585 2795 9.
618 2750 909 2807 προκείσθω]
939 2765 985 2821 Ρ,
1015 2753 1313 2807 προσκείσθω
1346 2749 1420 2795 W.
1567 2756 1633 2794 13.
1668 2750 1774 2807 ΓΒ]

99 2812 182 2852 ΓΔ
214 2808 326 2866 Wp,
360 2823 472 2854 corr.
506 2808 680 2853 Comm.
834 2813 901 2852 14.
935 2808 1053 2867 από]
1087 2807 1142 2853 αἱ
1169 2809 1290 2865 Wp,
1323 2822 1436 2853 corr.
1467 2808 1637 2862 Halley
1669 2821 1774 2851 cum

63 2929 67 2931 -
92 2865 288 2981 ἓῖλᾚῖἱι
318 2925 379 2968 W
426 2865 602 2925 ἕτεραι]
641 2882 694 2925 Ρ,
745 2864 926 2923 ἕταιραι
957 2866 1032 2914 W.
1184 2864 1488 2924 παράλληλοι]
1529 2871 1611 2923 ΡῬ,
1659 2882 1774 2922 παρ-

1417 2997 1507 3040 20*
