2020 3236
244 141 358 196 296
723 144 1162 188 COMMENTARIA
1191 145 1473 198 ANTIQUA.

245 263 691 335 ἐγγεγραμμένα,
738 262 879 335 ἅπερ
928 259 1003 329 ὡς
1046 261 1272 334 περιττὰ
1318 260 1582 336 ἀφῃρέθη
1621 259 1723 334 ὑφ’
1766 260 1952 336 ἡμῶν·

248 352 615 423 δεδειγμένου
667 352 778 424 γὰρ
824 350 1053 422 τούτου,
1111 349 1195 407 ὅτι
1251 355 1315 407 αἱ
1356 351 1712 424 άσύμπτωτοι
1759 356 1950 425 ἔγγιον

246 439 601 513 προσάγουσι
666 444 733 514 τῇ
786 444 928 514 τομῇ
982 441 1075 496 καὶ
1128 439 1338 507 παντὸς
1390 444 1493 497 τοῦ
1548 442 1820 508 δοθέντος
1874 445 1953 507 εἰς

248 533 480 585 ἔλαττον
511 527 906 601 ἀφικνοῦνται,
936 530 1196 602 περιττὸν
1221 523 1295 601 ἦν
1319 539 1492 586 ταῦτα
1518 534 1713 602 ζητεῖν.
1762 528 1953 603 ἀμέλει

186 637 218 678 5
252 614 387 674 οὐδὲ
441 617 748 686 ἀποδείξεις
802 622 996 691 ἔχουσί
1043 640 1223 690 τινας,
1281 616 1421 674 ἀλλὰ
1469 620 1748 692 διαφορὰς
1791 641 1951 675 κατα-

245 709 501 778 γραφῶν.
570 709 665 762 ’ἵνα
706 706 768 763 δὲ
805 718 922 773 τοῖς
954 708 1359 779 ἐντυγχάνουσι
1390 707 1493 779 τὴν
1525 705 1739 780 ἡμέραν
1772 707 1951 780 δήλην

246 795 591 868 ποιήσωμεν,
617 798 887 852 ἐκκείσθω
915 798 1164 852 ἐνταῦθα
1179 795 1247 851 τὰ
1266 799 1341 862 ὡς
1356 797 1582 868 περιττὰ
1600 794 1951 870 ἀφῃρημένα.

363 891 443 940 Εἴ
489 885 638 950 τινές
691 889 835 940 εἰσιν
892 882 1249 957 ἆσύμπτωτοι
1307 889 1375 959 τῇ
1422 889 1563 959 τομῇ
1611 887 1792 958 ἕτεραι
1838 889 1953 943 τῶν

250 974 701 1047 προειρημένων,
743 973 935 1046 ἔγγιόν
973 978 1117 1030 εἰσιν
1158 977 1220 1029 αἱ
1254 975 1653 1048 προειρημέναι
1690 977 1757 1048 τῇ
1795 983 1955 1048 τομῇ.

158 1082 222 1124 10
367 1067 504 1119 ἔστω
536 1060 839 1134 ὑπερβολή,
871 1055 938 1134 ῆς
969 1061 1326 1134 άσύμπτωτοι
1359 1066 1422 1118 αἱ
1442 1068 1569 1135 ΓΛ,
1594 1071 1648 1120 Α
1658 1070 1726 1119 Δ.
1790 1065 1952 1135 λέγω,

252 1150 358 1223 ὅτι,
392 1159 449 1207 εἴ
471 1152 619 1217 τινές
650 1156 794 1207 εἰσιν
827 1148 1182 1223 άσύμπτωτοι
1212 1155 1278 1225 τῇ
1310 1155 1472 1225 τομῇ,
1505 1153 1735 1209 ἐκείνων
1763 1152 1954 1224 ἔγγιόν

249 1245 395 1297 εἰσιν
435 1244 497 1296 αί
532 1246 658 1312 ΓΑ,
697 1247 830 1297 ΑΔ.

369 1327 455 1386 ὅτι
502 1329 605 1401 μὲν
647 1322 777 1399 οὖν,
818 1327 894 1395 ὥς
933 1330 1022 1384 ἐπὶ
1059 1332 1156 1401 τῆς
1193 1329 1415 1402 πρώτης
1452 1332 1837 1402 καταγραφῆς,
1886 1327 1955 1386 οὐ

255 1421 532 1475 δύνανται
572 1421 633 1474 αἱ
670 1423 848 1473 ΕΖΗ
879 1415 1236 1491 ἀσύμπτωτοι
1275 1417 1446 1490 εἶναι,
1494 1418 1773 1491 φανερόν,
1815 1417 1956 1475 ὥστε

162 1526 224 1567 15
256 1506 403 1564 εἶναι
450 1506 810 1580 παράλληλον
856 1498 960 1579 τὴν
1007 1507 1110 1579 μὲν
1158 1514 1261 1563 ΕΖ
1307 1510 1372 1581 τῇ
1413 1512 1545 1578 ΓΑ,
1591 1509 1696 1579 τὴν
1744 1507 1806 1563 δὲ
1845 1513 1966 1563 ΖΗ
2012 1575 2013 1583 ¹

253 1599 319 1670 τῇ
370 1603 509 1652 ΑΛ·
561 1598 835 1652 δέδεικται
888 1595 1023 1669 γάρ,
1080 1595 1167 1652 ὅτι
1214 1599 1630 1668 συμπεσοῦνται
1677 1599 1744 1670 τῇ
1791 1599 1956 1667 τομῇ·

255 1687 318 1742 ἐν
365 1684 472 1758 γὰρ
520 1688 596 1758 τῷ
646 1683 1033 1761 άφοριζομένςο
1079 1684 1230 1761 τόπῳ
1271 1683 1379 1741 ὑπὸ
1418 1689 1532 1741 τῶν
1573 1684 1958 1757 ἄσυμπτωτων

251 1775 346 1831 καὶ
384 1778 483 1845 τῆς
519 1776 690 1845 τομῆς
729 1778 889 1830 εἰσιν.

368 1867 420 1919 εἰ
459 1864 546 1933 δέ,
597 1860 670 1928 ὡς
710 1863 799 1918 ἐπὶ
837 1866 935 1934 τῆς
974 1863 1235 1934 δευτέρας
1272 1861 1532 1927 πτώσεως
1574 1866 1741 1933 εἰσιν,
1780 1858 1958 1933 ἀσύμ-

162 1970 225 2012 20
255 1972 462 2008 πτωτοι
501 1954 562 2007 αι
599 1957 722 2022 ΕΖ,
764 1957 883 2006 ΖΗ
913 1950 1260 2022 παράλληλοι
1300 1944 1464 2006 ουσαι
1502 1961 1622 2016 ταῖς
1661 1954 1715 2005 Γ
1715 1956 1787 2020 Α
1819 1956 1956 2020 ΑΔ,

256 2045 449 2112 ἔγγιον
498 2039 714 2111 μᾶλλόν
762 2043 905 2096 εἰσιν
955 2063 1010 2095 αι
1051 2045 1182 2110 ΓΛ,
1216 2046 1332 2095 ΑΔ
1377 2042 1475 2111 τῆς
1511 2042 1683 2111 τομῆς
1721 2037 1860 2111 ἥπερ
1901 2041 1965 2094 αἰ

256 2135 384 2201 ΕΖ,
417 2133 543 2186 ZH.

371 2221 423 2273 εἰ
468 2218 555 2288 δέ,
605 2240 679 2283 ως
725 2218 812 2273 ε’πὶ
858 2220 957 2288 τῆς
1002 2221 1187 2291 τρίτης
1223 2234 1504 2288 πτωσεως,
1549 2216 1642 2272 καὶ
1683 2237 1861 2282 ουτως
1900 2218 1963 2270 αι

256 2307 361 2379 μὲν
401 2312 527 2376 ΓΑ,
567 2312 703 2376 ΑΔ,
743 2306 842 2361 ἐὰν
882 2307 1238 2376 ἐκβληθῶσιν
1278 2308 1357 2370 εἰς
1388 2305 1641 2377 ἄπειρον,
1681 2306 1958 2375 ἐγγίζουσι

382 2473 423 2513 3.
459 2467 781 2541 προσάγουσιν
812 2468 887 2512 W.
1036 2471 1079 2512 5.
1122 2465 1309 2525 ἔχουσιν
1340 2466 1415 2511 W.
1569 2471 1610 2510 6.
1645 2463 1959 2536 ἐντυγχάνου-

262 2543 339 2573 σιν
380 2528 455 2573 W.
614 2524 826 2585 ἡμέραν]
866 2526 948 2582 W,
998 2524 1087 2583 ἡμε
1128 2541 1222 2583 seq.
1264 2526 1352 2570 lae.
1393 2541 1445 2582 p,
1493 2522 1727 2582 ἡμετέραν
1765 2522 1957 2582 γνώμην

263 2587 437 2644 Halley
468 2588 725 2644 praeeunte
758 2585 1116 2640 Commandino;
1158 2586 1239 2631 sed
1278 2585 1394 2642 puto
1438 2584 1739 2640 prouerbium
1770 2597 1871 2628 esse
1903 2585 1962 2627 de

263 2661 409 2703 opera
442 2645 687 2703 superflua..
783 2650 822 2690 7.
856 2642 1111 2703 ἐκκείσθω]
1144 2660 1192 2701 Ρ,
1226 2600 1430 2689 ἕκείσθω
1459 2642 1533 2711 W.
1636 2648 1704 2689 10.
1740 2646 1832 2698 ΓΑ,
1857 2646 1938 2686 ΑΔ

266 2710 366 2762 ΓΔ,
399 2710 488 2749 ΑΔ
528 2704 627 2762 Wp
698 2717 813 2749 corr.
847 2701 1023 2748 Comm.
1174 2709 1243 2749 11.
1284 2698 1357 2748 ὅτι
1398 2703 1466 2759 εἴ]
1508 2702 1560 2745 in
1596 2715 1686 2747 ras.
1721 2716 1783 2745 m.
1818 2706 1841 2744 1
1947 2735 1957 2746 .

328 2764 446 2809 εἰσιν
480 2720 627 2808 ἄλλαι
648 2763 818 2835 Halley
850 2776 955 2806 cum
990 2762 1166 2809 Comm.
1322 2766 1389 2807 12.
1432 2761 1529 2819 ΓΑ]
1564 2764 1647 2805 ΓΔ
1679 2761 1803 2818 Wp,
1843 2773 1958 2804 corr.

266 2823 444 2868 Comm.
578 2828 648 2867 13.
682 2818 764 2881 ὥς]
799 2835 948 2892 comp3
981 2836 1027 2879 Ρ,
1062 2836 1212 2879 comp.
1246 2834 1388 2878 supra
1419 2834 1503 2864 scr.
1537 2835 1597 2865 m.
1633 2825 1656 2863 1
1689 2818 1764 2866 W.
1887 2823 1960 2862 21.

266 2880 407 2941 ἥπερ]
451 2883 583 2939 εἴπερ
623 2896 670 2938 Ρ.
821 2885 891 2925 24.
925 2876 1180 2953 ἐγγίζουσι]
1213 2879 1398 2937 scripsi,
1441 2874 1543 2936 ἒγγι
1575 2881 1610 2935 (ι
1641 2879 1690 2923 in
1720 2891 1826 2935 ras„
1866 2891 1961 2932 seq.

265 2942 355 2986 lac.
387 2948 409 2985 1
442 2941 554 2998 litt.)
591 2954 776 2985 αιουσιν
809 2940 883 2999 W,
918 2938 1071 2998 ἔγγιαι
1103 2933 1240 2985 οὖσαι
1268 2953 1314 2996 Ρ.
