2034 3216
128 1143 182 1183 10

126 1588 180 1628 15

123 2031 179 2071 20

123 2474 180 2514 25

218 152 291 203 42
884 153 1164 198 ΚΩΝΙΚῼΝ
1198 149 1264 199 δ’.

1017 335 1084 376 κς
1110 360 1122 372 ·

325 417 456 476 Ἐὰν
501 422 617 475 τῶν
665 419 974 491 εἰρημένων
1023 422 1294 492 γραμμῶν
1333 440 1480 484 τινες
1515 416 1648 474 καθ’
1685 421 1747 474 ἓν
1786 418 1920 490 ἐφά-

218 529 462 565 πτωνται
510 519 743 580 σημεῖον
790 506 1075 580 ἀλλήλων,
1126 504 1195 564 οὐ
1241 508 1659 579 συμβάλλουσιν
1704 509 1924 575 ἑαυταῖς

215 595 347 652 καθ’
387 599 543 670 ἕτερα
583 608 780 669 σημεῖα
820 601 1053 653 πλείονα
1092 593 1126 668 ἢ
1169 595 1289 652 δύο.

330 686 774 758 ἐφαπτέσθωσαν
820 685 927 757 γὰρ
977 684 1236 757 ἀλλήλων
1281 685 1427 750 τινὲς
1473 686 1577 741 δύο
1623 688 1738 742 τῶν
1777 689 1919 758 εἰρη-

216 775 402 846 μένων
456 778 730 847 γραμμῶν
784 774 922 831 κατὰ
966 774 1028 830 τὸ
1077 781 1132 829 Α
1178 785 1426 846 σημεῖον.
1501 775 1671 845 λέγω,
1720 771 1803 829 ὅτι
1851 771 1919 829 οὐ

216 863 601 935 συμβάλλουσι
641 861 759 919 κατ’
796 864 937 919 ἄλλα
977 874 1176 935 σημεῖα
1214 867 1448 919 πλείονα
1485 859 1520 934 ἢ
1563 862 1685 919 δύο.

327 957 379 1009 εἰ
413 951 521 1027 γοὶρ
565 952 829 1024 δυνατόν,
872 952 1340 1025 συμβαλλέτωσαν
1378 951 1516 1008 κατὰ
1556 950 1624 1008 τὰ
1663 958 1730 1023 Β,
1753 954 1817 1023 Γ,
1842 956 1915 1022 Δ,

213 1042 305 1098 καὶ
345 1046 593 1098 ε”στωσαν
634 1043 697 1097 αἶ
730 1040 1077 1113 συμπτώσεις
1116 1041 1312 1113 ἐφεξῆς
1342 1039 1609 1113 ἀλλήλαις
1639 1043 1915 1111 μηδεμίαν

214 1129 415 1204 μεταξὺ
459 1134 927 1203 παραλείπουσαι,
974 1130 1067 1186 καὶ
1115 1129 1426 1201 ἐπεζεύχθω
1474 1127 1508 1201 ἡ
1549 1134 1661 1185 ΒΓ
1698 1129 1789 1184 καὶ
1836 1130 1917 1185 ἐκ·

214 1221 539 1291 βεβλήσθω,
615 1219 707 1274 καὶ
777 1217 887 1275 ἀπὸ

213 1312 315 1364 τοῦ
394 1316 448 1364 Α
535 1307 888 1380 ἐφαπτομένη

212 1396 372 1469 ἤχθω
397 1395 431 1469 ἡ
457 1403 584 1452 ΑΛ·
619 1396 890 1468 ἐφάψεται

215 1477 284 1557 δὴ
317 1489 431 1543 τῶν
457 1485 562 1542 δύο
584 1495 772 1558 τομῶν
793 1487 886 1542 καὶ

214 1586 571 1646 συμπεσεῖται
631 1578 697 1647 τῇ
760 1579 887 1630 ΓΒ.

213 1662 565 1735 συμπιπτέτω
583 1662 720 1719 κατὰ
739 1661 800 1719 τὸ
821 1669 888 1735 Λ,

210 1753 303 1808 καὶ
327 1751 602 1823 γινέσθω,
628 1749 702 1818 ὡς
726 1749 760 1823 ἡ
786 1756 886 1807 ΓΛ

210 1840 350 1913 πρὸς
378 1847 504 1911 ΛΒ,
543 1838 576 1912 ἡ
605 1845 723 1895 ΓΠ
747 1840 888 1910 πρὸς

211 1937 351 2001 ΠΒ,
382 1930 476 1986 καὶ
508 1928 818 2000 ἐπεζεύχθω
852 1927 886 2000 ἡ

211 2025 336 2074 ΑΠ
375 2018 468 2073 καὶ
504 2016 888 2089 ἐκβεβλήσθω·

211 2117 569 2178 συμπεσεῖται
638 2104 706 2178 δὴ
768 2116 887 2171 ταῖς

210 2206 421 2267 τομαῖς,
446 2194 538 2250 καὶ
557 2197 618 2250 αἱ
635 2194 744 2250 ἀπὸ
771 2203 886 2251 τῶν

210 2284 582 2355 συμπτώσεων
631 2284 718 2339 ἐπὶ
764 2282 825 2339 τὸ
869 2289 920 2338 Λ
969 2281 1281 2354 ἐφάψονται
1326 2285 1439 2337 τῶν
1485 2290 1689 2353 τομῶν.
1762 2283 1908 2353 ἐκβε-

209 2372 442 2444 βλήσθω
467 2373 559 2427 καὶ
585 2370 933 2443 συμπιπτέτω
952 2371 1089 2427 κατὰ
1114 2370 1179 2425 τὰ
1198 2375 1262 2441 Θ,
1282 2376 1341 2440 Ρ,
1366 2369 1458 2424 καὶ
1485 2368 1905 2440 ἐπεζεύχθωσαν

213 2463 274 2516 αἱ
311 2466 437 2532 ΘΛ,
463 2466 590 2515 ΛΡ·
632 2460 945 2532 ἐφάψονται
986 2457 1054 2530 δὴ
1097 2451 1261 2514 αὗται
1298 2460 1411 2514 τῶν
1448 2466 1650 2529 τομῶν.
1726 2454 1760 2528 ἡ
1800 2455 1910 2530 ἄρα

212 2548 319 2606 ἀπὸ
368 2551 471 2604 τοῦ
512 2555 567 2603 Δ
611 2548 696 2603 ἐπὶ
734 2549 797 2603 τὸ
841 2553 893 2602 Λ
940 2545 1368 2618 ἐπιζευγνυμένη
1414 2545 1599 2618 τέμνει
1646 2545 1908 2618 ἑκατέραν

209 2642 323 2694 τῶν
375 2640 589 2709 τομῶν,
650 2636 741 2691 καὶ
798 2636 1136 2707 συμβήσεται
1191 2634 1258 2689 τὰ
1313 2634 1588 2707 πρότερον
1644 2632 1908 2706 εἰρημένα

209 2726 401 2783 ἄτοπα.
493 2723 596 2781 οὐκ
658 2722 767 2794 ἄρα
827 2722 1129 2794 τέμνουσιν
1194 2720 1435 2794 ἀλλήλας
1487 2721 1624 2778 κατὰ
1677 2726 1908 2779 πλείονα

193 2804 406 2886 ’σημεῖα
445 2810 479 2884 ἢ
521 2813 639 2868 δύο.

329 2952 368 2992 7.
402 2943 453 3004 ἥ]
488 2962 531 3003 p,
566 2959 656 2992 om.
682 2945 737 2991 V.
863 2949 932 2989 14.
967 2941 1076 3003 δύο]
1111 2943 1145 2990 ἳι
1171 2943 1226 2988 V.
