2020 3236
224 123 332 177 348
697 125 1135 168 COMMENTARIA
1165 125 1448 178 ANTIQUA.

224 240 403 307 οὕτως
457 240 491 313 ἡ
553 248 663 298 ΑΕ
709 241 849 315 πρὸς
901 248 1058 312 ΗΜ,
1120 242 1370 299 τουτέστι
1422 245 1527 315 τὴν
1581 245 1694 300 τῶν
1748 248 1934 300 ΑΗΕ

221 329 518 405 ὑπεροχήν.
615 328 737 387 ἀλλ’
805 331 878 398 ὡς
938 329 972 402 ἡ
1035 338 1150 387 ΑΕ
1207 332 1348 404 πρὸς
1407 335 1510 404 τὴν
1571 335 1684 389 τῶν
1746 339 1932 389 ΑΗΕ

222 417 526 493 ὑπεροχήν,
562 419 739 487 οὕτως
770 418 804 492 ἡ
830 426 885 475 A
896 426 942 475 Z
971 419 1110 491 πρὸς
1139 419 1243 492 τὴν
1274 424 1389 477 τῶν
1414 426 1543 477 AH
1545 427 1590 477 Z
1620 419 1925 495 ὑπεροχήν·

222 510 610 581 προδέδεικται
656 509 785 582 γάρ·
842 513 993 565 ἔστιν
1041 508 1176 581 ἄρα,
1233 507 1307 576 ὥς
1353 508 1388 583 ἡ
1434 516 1553 566 ΛΔ
1598 509 1740 583 πρὸς
1786 516 1924 582 ΔΗ,

167 596 259 669 δὴ
315 604 426 653 ΛΖ
479 599 619 669 πρὸς
667 599 771 670 τὴν
820 601 935 654 τῶν
981 604 1158 653 ΔΗΖ
1212 596 1510 672 ὑπεροχήν.
1594 600 1687 655 καὶ
1743 598 1817 666 ὡς
1863 601 1928 655 ἓν

135 1146 190 1187 10

135 1592 189 1632 15

133 2037 191 2077 20

221 686 362 759 πρὸς
401 689 482 758 ἕν,
523 685 702 753 οὕτως
734 685 951 743 ἅπαντα
989 686 1130 758 πρὸς
1169 688 1406 758 ἅπαντα,
1447 686 1520 754 ὡς
1558 685 1592 759 ἡ
1634 694 1750 743 ΛΔ
1787 687 1927 761 πρὸς

225 780 371 846 ΔΗ,
437 774 538 847 ὅλη
601 773 635 847 ἡ
701 780 808 830 ΛΖ
868 776 1009 847 πρὸς
1072 781 1202 830 ΔΗ
1253 777 1347 831 καὶ
1407 775 1512 848 τὴν
1570 784 1686 832 τῶν
1747 782 1926 832 ΔΗΖ

221 862 522 938 ὑπεροχήν,
561 866 809 920 τουτέστι
849 863 952 936 τὴν
993 870 1119 920 ΗΖ.

783 1026 1026 1094 ’Ἄλλως
1064 1026 1134 1083 τὸ
1175 1024 1350 1083 αὐτό.

321 1130 502 1187 ’Ἐστω
542 1130 609 1186 τὰ
650 1129 791 1187 αὐτὰ
829 1142 947 1197 τοῖς
985 1130 1260 1204 πρότερον
1299 1131 1391 1186 καὶ
1433 1129 1528 1186 διὰ
1558 1134 1662 1188 τοῦ
1692 1138 1746 1186 Α
1777 1130 1926 1205 παρὰ

220 1220 324 1292 τὴν
364 1226 478 1275 ΒΚ
513 1218 547 1292 ἡ
588 1226 730 1276 AM.

335 1309 452 1365 ἐπεὶ
500 1303 605 1365 οὖν
648 1317 738 1381 ἴση
780 1310 931 1365 ἐστὶν
972 1307 1005 1381 ἡ
1045 1315 1156 1364 BA
1193 1318 1259 1383 τῇ
1294 1315 1429 1380 ΑΔ,
1470 1316 1562 1381 ἴση
1604 1309 1719 1365 ἐστὶ
1757 1310 1851 1365 καὶ
1889 1307 1923 1382 ἡ

222 1404 359 1454 ΚΜ
405 1401 471 1472 τῇ
528 1405 673 1455 ΜΔ.
763 1398 857 1454 καὶ
913 1398 1030 1454 ἐπεὶ
1080 1397 1433 1471 παράλληλοί
1482 1401 1628 1454 εἰσιν
1683 1401 1746 1454 αἰ
1794 1404 1923 1469 ΘΚ,

222 1493 374 1559 ΑΜ,
423 1491 599 1557 ἔστιν,
648 1484 723 1552 ὥς
770 1485 803 1558 ἡ
844 1493 984 1542 ΗΜ
1011 1485 1152 1560 πρὸς
1190 1493 1343 1558 ΜΚ,
1391 1485 1425 1559 ἡ
1466 1493 1583 1542 HA
1621 1485 1760 1560 πρὸς
1798 1493 1925 1559 ΑΘ,

221 1577 510 1632 τουτέστιν
549 1573 583 1647 ἡ
625 1580 752 1630 ΑΗ
783 1574 923 1647 πρὸς
953 1581 1084 1630 ΗΕ.
1145 1572 1267 1630 ἀλλ’
1313 1572 1387 1639 ὡς
1425 1574 1527 1646 μὲν
1567 1574 1602 1647 ἡ
1636 1581 1763 1631 ΛΗ
1787 1577 1927 1646 πρὸς

222 1671 363 1736 ΗΕ,
410 1663 444 1736 ἡ
493 1671 608 1720 ΖΗ
653 1664 794 1736 πρὸς
832 1669 978 1735 ΗΔ,
1029 1662 1104 1729 ὡς
1150 1663 1212 1719 δὲ
1259 1662 1467 1735 ἡΗΜ
1510 1664 1650 1736 πρὸς
1686 1671 1841 1736 ΜΚ,
1888 1662 1922 1737 ἡ

223 1757 489 1810 διπλασία
535 1757 632 1825 τῆς
670 1759 810 1809 ΜΗ
847 1754 985 1826 πρὸς
1031 1753 1134 1825 τὴν
1183 1756 1482 1808 διπλασίαν
1525 1758 1622 1824 τῆς
1659 1760 1809 1810 ΜΚ·
1849 1754 1927 1820 ὡς

223 1841 334 1914 ἄρα
373 1842 407 1915 ἡ
450 1849 567 1898 ΖΗ
599 1844 740 1916 πρὸς
778 1849 919 1913 ΗΔ,
960 1840 994 1912 ἡ
1037 1846 1300 1897 διπλασία
1339 1844 1436 1913 τῆς
1474 1847 1613 1897 ΜΗ
1643 1847 1781 1915 πρὸς
1818 1844 1923 1915 τὴν

224 1935 526 1987 διπλασίαν
579 1934 676 2001 τῆς
724 1936 864 1986 MK.
949 1935 1047 1985 καί
1096 1931 1210 1985 ἐστι
1268 1933 1531 1986 διπλασία
1576 1935 1674 2003 τῆς
1710 1938 1849 1987 ΜΗ
1889 1930 1924 2004 ἡ

223 2025 366 2076 ΛΗ·
437 2027 529 2091 ἴση
570 2020 676 2091 γὰρ
718 2017 904 2091 ἡΛΚ
938 2023 1003 2092 τῇ
1039 2025 1167 2074 ΔΗ
1190 2020 1282 2075 καὶ
1314 2017 1347 2091 ἡ
1381 2025 1519 2075 ΚΜ
1539 2029 1606 2093 τῇ
1638 2027 1788 2076 ΜΔ·
1827 2025 1924 2093 τῆς

224 2109 286 2165 δὲ
326 2114 461 2165 ΚΜ
492 2112 757 2165 διπλασία
796 2107 830 2180 ἡ
873 2115 1014 2164 ΔΚ·
1055 2106 1128 2174 ὡς
1168 2107 1278 2181 ἄρα
1318 2106 1351 2180 ἡ
1385 2115 1510 2164 ΛΗ
1542 2109 1684 2181 πρὸς
1713 2115 1845 2182 ΗΖ,
1885 2109 1920 2182 ἡ

222 2204 342 2254 ΚΛ
389 2198 531 2270 πρὸς
579 2204 714 2254 ΔΗ.
799 2199 1095 2268 συνθέντι,
1152 2195 1227 2262 ὡς
1272 2195 1306 2268 ἡ
1354 2203 1465 2253 ΛΖ
1511 2199 1652 2269 πρὸς
1699 2205 1834 2270 ΖΗ,
1886 2197 1921 2270 ἡ

222 2293 350 2343 ΚΗ
382 2291 520 2358 πρὸς
558 2294 698 2358 ΗΔ,
738 2289 1024 2343 τουτέστιν
1065 2287 1097 2358 ἡ
1143 2292 1255 2341 ΛΔ
1293 2285 1434 2360 πρὸς
1474 2294 1600 2342 ΔΗ.

343 2455 383 2496 1.
419 2451 553 2509 ΗΜ]
586 2454 616 2505 ἢ
647 2450 769 2506 Wp,
802 2463 917 2495 corr.
951 2451 1125 2495 Comm.
1247 2465 1358 2494 τουτ
1334 2447 1437 2493 τέστ
1414 2466 1486 2493 τιν
1517 2451 1591 2494 W.
1729 2455 1771 2495 2.
1808 2451 1921 2522 ΑΕ]

222 2512 368 2553 ΑΗΕ
399 2526 430 2567 p
466 2511 534 2567 et,
578 2512 629 2552 H
656 2523 680 2553 e
714 2524 826 2554 corr.
860 2524 921 2554 m.
958 2515 1004 2566 1,
1044 2509 1125 2566 W3
1174 2522 1289 2553 corr.
1323 2509 1498 2554 Comm.
1650 2514 1690 2553 4.
1725 2509 1921 2566 προσδέ-

224 2572 355 2615 δεικτ
331 2585 483 2626 vtap.
606 2569 1149 2641 ΛΛ]ΔθοοΥ]·.Π].
1133 2569 1261 2612 1W.
1386 2568 1920 2626 5..AZ]Zecorrp.

285 2626 367 2703 ὡς]
401 2643 551 2686 comp.
585 2644 637 2685 p,
684 2645 719 2671 ω
753 2628 827 2672 W.
952 2634 990 2673 6.
1026 2645 1087 2678 ως
1119 2624 1211 2683 ἄρα
1244 2626 1412 2683 Halley
1444 2642 1549 2672 oum
1581 2627 1755 2675 Comm.
1878 2632 1919 2672 8.

223 2703 465 2735 τουτεστιν
496 2688 572 2732 W.
696 2693 736 2732 9.
770 2684 936 2743 ἄλλως]
970 2703 1016 2744 p,
1049 2685 1186 2737 ἄλλος
1218 2686 1290 2732 W.
1427 2692 1494 2731 12.
1529 2683 1605 2731 ἐστ
1582 2687 1653 2745 ίτ]
1689 2683 1813 2732 ἐστίν
1843 2688 1919 2732 W.

286 2752 353 2792 14.
388 2750 511 2802 MK,
544 2744 595 2806 ἡ]
639 2761 756 2792 corr.
790 2760 846 2790 ex
876 2749 1124 2803 MKHp,
1164 2748 1334 2790 ΜΚΗ
1360 2747 1432 2791 W
1586 2747 1706 2805 HA]
1747 2747 1843 2791 NA
1872 2761 1918 2803 p.

286 2810 353 2852 15.
386 2807 506 2864 AH]
548 2809 600 2850 H
627 2820 651 2850 e
685 2820 797 2851 corr.
832 2821 892 2850 m.
931 2811 952 2849 1
987 2806 1060 2850 W.
1198 2804 1319 2862 AH]
1352 2807 1450 2849 AN
1485 2821 1529 2874 p.
1686 2811 1755 2850 16.
1794 2805 1919 2864 ΗΕ]

224 2868 326 2909 ΗΣ
354 2865 469 2921 Wp‚
503 2879 619 2913 corr.
647 2866 821 2911 Comm.
947 2869 1015 2908 17.
1050 2861 1111 2915 ὡς
1136 2869 1287 2908 -19,
1320 2866 1450 2921 MK]
1483 2867 1532 2908 in
1563 2878 1651 2909 ras.
1678 2880 1724 2922 p.
1850 2869 1917 2910 19.

224 2923 349 2969 ἐστιν
379 2925 453 2969 W.
