2020 3236
260 138 370 192 306
740 139 1179 184 COMMENTARJA
1207 139 1489 193 ANTIQUA.

263 260 366 329 δεῖ,
407 262 603 329 φησίν,
641 269 1005 330 παρατηρεῖν,
1045 254 1186 313 ὥστε
1225 258 1377 323 ἐκτὸς
1416 254 1563 314 εἶναι
1601 255 1865 330 ἀλλήλων
1897 257 1994 316 τὰ.

260 357 478 419 σημεῖα,
519 344 659 403 ἀλλὰ
701 347 776 419 μὴ
817 347 884 402 τὰ
926 353 998 417 Α,
1029 351 1078 401 Β
1104 388 1267 403 .....

373 438 462 491 δεῖ
498 434 561 491 δὲ
599 435 838 506 εἰδέναι,
888 432 974 491 ὅτι
1011 434 1105 490 καὶ
1144 434 1232 490 ἐπὶ
1273 434 1675 506 ἐφαπτομένων
1712 433 1781 492 τὰ
1821 434 1964 492 αὐτὰ

259 529 568 596 συμβαίνει.

198 623 225 663 5
920 615 1036 677 Εἰς
1073 614 1143 667 τὸ
1182 610 1299 683 κη’.

353 715 547 784 ’Ἄξιον
572 715 982 783 ἐπισκέψασθαι
1001 712 1104 786 τὴν
1123 717 1397 771 δοθεῖσαν
1414 716 1476 771 ἐν
1493 715 1732 792 ἐπιπέδῳ
1749 718 1965 789 καμπύ-

258 812 364 877 λην
400 803 679 878 γραμμήν,
718 803 960 876 πότερον
989 801 1199 859 κύκλου
1231 803 1347 859 ἐστὶ
1379 804 1703 878 περιφέρεια
1734 801 1769 877 ἢ
1804 806 1963 879 ἑτέρα

257 917 341 961 τις
377 897 492 950 τῶν
530 896 703 965 τριῶν
742 895 845 949 τοῦ
875 890 1065 948 κώνου
1096 894 1287 964 τομῶν
1319 888 1354 963 ἢ
1386 889 1526 964 ἄλλη
1557 893 1709 966 παρὰ
1739 893 1960 960 ταύτας.

364 987 502 1039 ἔστω
543 981 613 1054 δὴ
652 979 689 1053 ἡ
729 985 921 1054 ΑΒΓ,
973 980 1067 1036 καὶ
1112 984 1434 1054 προκείσθω
1481 984 1544 1037 τὸ
1591 979 1744 1048 εἶδος
1790 981 1965 1055 αὐτῆς

170 1080 228 1122 10
261 1074 665 1139 ἐπισκέψασθαι
704 1074 803 1126 τὸν
845 1069 1142 1143 εἰρημένον
1179 1068 1407 1143 τρόπον.

373 1988 627 2061 εἰλήφθω
675 1987 803 2046 τινὰ
851 2001 1050 2062 σημεῖα
1097 1991 1184 2046 ἐπὶ
1231 1994 1329 2062 τῆς
1375 1995 1631 2065 γραμμῆς
1668 1991 1736 2047 τὰ
1776 1996 1848 2063 Γ,
1883 1998 1957 2063 Δ,

258 2079 347 2134 καὶ
395 2079 666 2150 ’ἤχθωσαν
714 2075 808 2134 διὰ
846 2081 960 2134 τῶν
998 2083 1062 2150 Γ,
1097 2086 1152 2134 Δ
1193 2083 1438 2151 σημείων
1477 2079 1824 2153 παράλληλοι
1863 2077 1958 2135 ἆλ-

258 2166 454 2238 λήλαις
477 2164 703 2223 εὐθεῖαί
719 2188 867 2232 τινες
891 2169 953 2221 αἱ
973 2172 1096 2238 ΓΒ,
1114 2174 1233 2223 ΔΕ
1253 2170 1410 2233 ἐντὸς
1425 2166 1959 2241 ἀπολαμβανόμεναι

258 2258 354 2326 τῆς
392 2264 666 2327 γραμμῆς,
703 2255 796 2310 καὶ
836 2254 1006 2311 πάλιν
1047 2253 1154 2312 ἀπὸ
1194 2259 1307 2312 τῶν
1348 2262 1410 2328 Γ,
1444 2264 1499 2311 Δ
1538 2258 1718 2330 ἕτεραι
1749 2255 1958 2330 παράλ-

379 2403 433 2446 In
463 2404 540 2460 fig.
569 2407 591 2445 1
619 2402 711 2448 list..
740 2405 800 2459 Η,
827 2405 869 2446 Ε
900 2405 1139 2460 permubafi
1163 2404 1238 2461 W,
1276 2405 1315 2448 Θ
1342 2417 1454 2459 om.;
1487 2403 1536 2448 in
1560 2405 1635 2462 fig.
1663 2409 1689 2448 2
1722 2403 1816 2449 litt.
1843 2408 1897 2461 Γ,
1915 2409 1959 2450 Δ

260 2463 308 2505 ei:
342 2463 396 2516 Θ,
421 2466 468 2506 K
493 2463 744 2518 permutat.
927 2470 930 2473 “
1664 2488 1666 2490 v

380 2615 422 2654 2.
454 2606 572 2654 ἀλλὰ
599 2636 652 2642 -
678 2614 730 2663 Α,
755 2610 812 2668 Β]
847 2624 937 2655 om.
970 2609 1148 2655 Comm.
1256 2607 1319 2668 μὴ
1347 2606 1408 2662 ὡς
1434 2610 1493 2654 τά
1525 2609 1711 2668 Halley.
1820 2614 1872 2666 A,
1900 2611 1957 2670 Β]

258 2668 332 2714 bis
365 2668 432 2726 (in
462 2669 554 2712 fine
586 2669 635 2712 eb
665 2667 801 2713 initio
833 2669 936 2770 lin}
965 2670 1040 2724 W,
1071 2669 1144 2714 bis
1177 2669 1321 2715 obiam
1352 2685 1397 2741 ρ.
1518 2668 1635 2714 Poeta
1665 2673 1702 2713 Β
1734 2668 1957 2715 lacunam

261 2729 432 2781 statuo,
466 2741 584 2785 quae
615 2727 684 2773 sic
706 2727 803 2772 fere
828 2741 916 2784 exp
938 2729 1060 2773 enda
1084 2730 1175 2773 est:
1208 2728 1384 2785 μεταξυ
1417 2728 1512 2772 τῶν
1539 2731 1590 2783 Γ,
1616 2731 1659 2772 Δ
1690 2722 1720 2784 ἢ
1746 2723 1806 2772 τὰ
1833 2731 1888 2784 Γ,
1913 2733 1957 2772 Δ

260 2783 435 2843 μεταξὺ
475 2787 568 2830 τῶν
607 2792 664 2843 Α,
698 2791 749 2832 Β.
819 2785 908 2829 Pro
948 2791 1053 2845 AB,
1084 2792 1167 2831 AB
1207 2787 1315 2832 hab.
1348 2790 1452 2842 ΑΒ,
1487 2790 1569 2830 ΓΔ
1607 2801 1700 2844 mg.
1732 2801 1794 2830 m.
1831 2791 1858 2830 2
1890 2786 1955 2843 ’ῦς

262 2848 361 2902 ΑΓ,
387 2849 475 2889 ΒΔ
498 2844 682 2902 Halley.
783 2851 823 2890 3.
859 2841 963 2904 ἐπί]
995 2861 1041 2903 p,
1075 2843 1186 2891 ἐπεί
1212 2847 1287 2891 W.
1386 2850 1433 2896 4·.
1462 2845 1732 2904 συμβαίνει]
1763 2844 1956 2903 Hassey,

261 2935 538 2991 συμβαίνειν
562 2935 677 2992 Wp.
780 2940 818 2979 7.
854 2930 979 2979 ἐστίν
1003 2933 1078 2978 W.
1169 2931 1449 2991 περιφέρεια
1474 2929 1523 2992 ἥ]
1556 2915 1716 2991 5⁰⁹(h.
1742 2946 1783 2978 θ.
1826 2949 1955 2992 περι-
