2046 3256
251 148 285 200 2
293 150 318 201 l
327 149 358 202 8
719 152 753 193 C
759 151 1158 195 OMMENTARIA
1189 153 1470 207 ANTIQUA.

369 266 448 323 Τὸ
493 268 562 324 δὲ
602 266 727 324 ἀπὸ
768 272 881 340 τῆς
924 274 1029 324 ΒΓ
1063 269 1226 341 πρὸς
1264 269 1331 326 τὸ
1373 268 1497 326 ὑπὸ
1541 277 1712 327 ΒΑΓ
1743 271 1947 344 λόγον

253 362 384 429 ἔχει
423 356 537 413 τὸν
578 362 1016 429 συγκείμενον
1058 362 1122 415 ἐκ
1159 363 1274 414 τοῦ
1309 357 1383 416 ὃν
1418 365 1549 432 ἔχει
1581 359 1614 433 ἡ
1650 367 1760 417 ΒΓ
1784 363 1948 434 πρὸς

253 451 362 501 ΓΑ
399 446 506 502 καὶ
544 444 578 518 ἡ
619 452 730 502 ΒΓ
759 447 920 518 πρὸς
959 454 1089 503 ΒΑ·
1137 449 1410 504 δέδεικται
1451 449 1553 521 μὲν
1593 453 1655 507 ἐν
1693 455 1769 527 τῷ
1811 453 1947 527 ἕκτῳ

254 539 452 610 βιβλίῳ
493 539 590 606 τῆς
628 535 1021 608 στοιχειώσεως
1061 538 1121 593 ἐν
1160 540 1236 614 τῷ
1275 541 1502 614 εἰκοστῷ
1535 544 1701 614 τρίτῳ
1733 542 1949 613 θεωρή-

196 644 222 683 5
257 646 404 696 ματι,
446 624 532 680 ὅτι
569 624 637 680 τὰ
678 625 946 696 ἰσογώνια
986 627 1536 700 παραλληλόγραμμα
1567 627 1708 700 πρὸς
1738 627 1950 700 ἄλληλα

249 712 424 784 λόγον
463 717 572 784 ἔχει
610 714 712 770 τὸν
754 720 1118 786 συγκείμενον
1160 718 1218 772 ἐκ
1256 720 1371 771 τῶν
1410 721 1688 790 πλευρῶν·
1730 718 1845 774 ἐπεὶ
1886 717 1949 774 δὲ

254 802 692 874 ἐπακτικώτερον
744 807 960 876 μᾶλλον
1013 805 1106 860 καὶ
1163 807 1229 861 οὐ
1282 804 1419 861 κατὰ
1483 806 1583 861 τὸν
1638 805 1949 878 ἀναγκαῖον

250 890 463 962 τρόπον
495 889 604 947 ὑπὸ
639 895 750 948 τῶν
789 891 1292 965 ὑπομνηματιστῶν
1334 897 1567 966 ἐλέγετο,
1610 896 1946 967 ἐζητήσαμεν

249 976 386 1036 αὐτὸ
423 981 516 1035 καὶ
555 982 857 1054 γέγραπται
898 984 959 1037 ἐν
1006 994 1122 1048 τοῖς
1166 985 1554 1055 ἐκδεδομένοις
1590 982 1727 1057 ἡμῖν
1767 989 1845 1051 εἰς
1881 984 1945 1040 τὸ

165 1088 219 1127 1ο
251 1069 515 1138 τέταρτον
552 1069 821 1142 θεώρημα
861 1075 961 1127 τοῦ
995 1074 1260 1144 δευτέρου
1293 1078 1517 1144 βιβλίου
1547 1076 1662 1130 τῶν
1695 1073 1949 1145 Ἀρχιμή-

255 1160 389 1223 δους
412 1159 537 1229 περὶ
556 1163 798 1229 σφαίρας
820 1161 913 1216 καὶ
929 1165 1238 1232 κυλίνδρου
1261 1162 1353 1217 καὶ
1373 1164 1434 1218 ἐν
1451 1173 1567 1228 τοῖς
1585 1167 1830 1234 σχολίοις
1846 1166 1948 1218 τοῦ

247 1247 473 1318 πρώτου
503 1251 728 1318 βιβλίου
759 1252 856 1320 τῆς
883 1256 1239 1321 Πτολεμαίου
1281 1252 1611 1318 συντάξεως·
1649 1248 1718 1307 οὐ
1756 1262 1946 1324 χεῖρον

254 1334 315 1390 δὲ
340 1335 432 1390 καὶ
458 1337 707 1392 ἐνταῦθα
732 1341 896 1393 τοῦτο
924 1343 1208 1411 γραφῆναι
1242 1339 1335 1395 διά
1368 1342 1430 1396 τὸ
1465 1338 1539 1412 μὴ
1571 1341 1792 1406 πάντως
1815 1339 1948 1406 τοὺς

251 1420 744 1494 ἀναγινώσκοντας
774 1425 1052 1494 κάκείνοις
1085 1428 1465 1501 ἐντυγχάνειν,
1501 1429 1593 1485 καὶ
1627 1427 1712 1485 ὅτι
1743 1428 1945 1501 σχεδὸν

166 1531 218 1570 15
251 1511 313 1568 τὸ
357 1511 493 1569 ὅλον
533 1513 821 1586 σύνταγμα
859 1519 971 1571 τῶν
1010 1523 1270 1573 κωνικῶν
1309 1516 1772 1595 κέχρηταιιαύτιῶ.

362 1600 531 1672 λόγος
572 1604 631 1657 ἐκ
670 1602 855 1674 λόγων
896 1614 1228 1676 συγκεῖσθαι
1268 1608 1509 1677 λέγεται,
1559 1604 1695 1663 ὅταν
1735 1610 1799 1663 αἱ
1832 1611 1946 1664 τῶν

253 1689 440 1759 λόγων
463 1691 819 1762 πηλικότητες
849 1691 935 1763 ἐφ’
967 1693 1165 1759 ἑαυτὰς
1189 1701 1801 1752 πολλαπλασιασθεῖσαι
1833 1715 1948 1752 ποι-

254 1781 363 1834 ῶσί
395 1801 546 1849 τινα,
591 1780 954 1852 πηλικότητος
994 1783 1255 1854 δηλονότι
1298 1786 1601 1856 λεγομένης
1638 1788 1739 1841 τοῦ
1782 1785 1947 1856 ἀρνθ-

251 1873 387 1939 μοῦ,
437 1863 506 1922 οὗ
543 1868 882 1941 παρώνυμός
921 1874 1071 1926 ἐστιν
1112 1869 1140 1926 ὁ
1183 1873 1362 1942 λόγος.
1427 1874 1513 1927 ἐπὶ
1553 1872 1655 1944 μὲν
1696 1868 1800 1928 οὖν
1831 1882 1947 1928 τῶν

162 1975 219 2015 20
251 1962 682 2013 πολλαπλασίων
716 1957 964 2014 δυνατόν
998 1961 1148 2015 ἐστιν
1181 1958 1432 2032 ἀριθμὸν
1467 1959 1778 2033 ὁλόκληρον
1803 1959 1948 2017 εἶναι

250 2044 353 2117 τὴν
393 2045 753 2118 πηλικότητα,
804 2048 891 2103 ἐπὶ
940 2047 1002 2103 δὲ
1040 2052 1154 2104 τῶν
1193 2053 1403 2105 λοιπῶν
1444 2051 1687 2121 σχέσεων
1730 2047 1946 2121 ἀνάγκη

251 2135 356 2208 τὴν
381 2135 718 2206 πηλικότητα
743 2135 992 2208 ἀριθμὸν
1022 2135 1167 2192 εἶναι
1191 2138 1283 2193 καὶ
1309 2135 1561 2210 μόριονῆ
1587 2138 1774 2210 μόρια,
1799 2142 1851 2194 εἰ
1872 2137 1944 2210 μὴ

254 2225 364 2298 ἄρα
402 2246 484 2291 τις
525 2225 713 2280 ἐθέλοι
752 2226 845 2280 καὶ
885 2224 1162 2297 ἀρρήτους
1200 2225 1339 2283 εἶναι
1388 2230 1616 2299 σχέσεις,
1657 2223 1775 2283 οἷαί
1803 2231 1946 2283 εἰσιν

258 2318 319 2369 αἱ
346 2314 482 2369 κατὰ
514 2313 581 2368 τὰ
614 2312 791 2385 ἄλογα
824 2315 1048 2386 μεγέθη.
1113 2316 1201 2372 ἐπὶ
1233 2319 1427 2372 πασῶν
1464 2314 1526 2372 δὲ’
1557 2320 1670 2372 τῶν
1705 2319 1947 2388 σχέσεων

167 2417 224 2457 25
258 2406 458 2473 δῆλον,
509 2400 593 2457 ὅτι
637 2401 775 2473 αὐτὴ
816 2401 850 2474 ἡ
898 2403 1195 2475 πηλικότης
1233 2406 1818 2476 πολλαπλασιαζομένη
1859 2404 1948 2460 ἐπὶ

253 2489 352 2546 τὸν
394 2490 670 2561 ἑπόμενον
711 2489 848 2562 ὅρον
888 2496 990 2547 τοῦ
1027 2492 1201 2563 λόγου
1239 2505 1391 2549 ποιεῖ
1423 2493 1524 2549 τὸν
1566 2491 1897 2565 ἡγούμενον.

372 2583 509 2633 ἔστω
556 2584 751 2634 τοίνυν
799 2580 967 2649 λόγος
1015 2579 1043 2636 ὁ
1088 2583 1188 2636 τοῦ
1226 2589 1280 2636 Α
1318 2580 1458 2654 πρὸς
1494 2584 1592 2638 τὸν
1631 2589 1704 2653 Β,
1749 2584 1841 2638 καὶ
1879 2585 1951 2638 εἰ·

375 2779 416 2816 2.
458 2773 571 2830 ΒΓ]
620 2775 661 2815 Γ
697 2785 722 2816 e
754 2785 870 2816 corr.
903 2788 962 2817 m.
1001 2778 1021 2817 1
1060 2775 1135 2818 W.
1288 2779 1328 2817 3.
1372 2777 1455 2818 ΓΑ
1491 2801 1542 2806 -
1563 2771 1719 2842 πρός]
1761 2774 1946 2829 addidi;

258 2846 347 2876 om.
381 2831 481 2888 Wp
513 2834 615 2888 (pro
649 2835 729 2875 BA
764 2831 947 2903 Halley
967 2846 1050 2877 scr.
1088 2834 1194 2888 ΓΑ).
1321 2838 1362 2877 4.
1396 2835 1496 2891 τῆς]
1531 2851 1584 2890 τη
1616 2834 1690 2877 W.
1814 2830 1886 2892 ἐν]
1921 2847 1946 2877 e

257 2905 371 2936 corr.
404 2905 449 2947 p
582 2895 621 2935 5.
656 2885 746 2948 ότι]
779 2906 885 2947 pw,
922 2908 973 2934 ov
1005 2905 1096 2947 seq.
1131 2906 1220 2936 ras.
1257 2897 1280 2935 1
1314 2890 1406 2935 litt.
1439 2892 1512 2937 W.
1647 2897 1713 2936 10.
1743 2888 1945 2950 Ἀρχιμή-

259 2950 389 3007 δους]
423 2965 523 3005 vw,
560 2946 676 3007 Ἀρχι
708 2963 802 3005 seq
835 2963 924 2995 ras.
960 2954 1052 2993 5-
1065 2956 1091 2994 6
1124 2951 1217 2996 litt.
1250 2951 1311 2995 W
1351 2952 1399 2995 et
1439 2965 1532 3008 seq.
1565 2950 1653 2996 lac.
1686 2965 1731 3007 p.
1872 2957 1940 2997 13.
