2046 3256
429 191 677 233 EUTOCII
709 190 1146 234 COMMENTARIA
1176 190 1242 232 IN
1275 189 1509 231 CONICA.
1694 186 1800 238 173

119 312 318 380 puncto
359 310 540 379 aliquo
581 312 632 361 E
668 308 735 361 ad
775 312 882 361 AB
922 307 1376 377 perpendicularis
1418 307 1642 360 dueatur
1675 310 1802 375 AE,
1898 283 1903 285 Γ

118 399 339 467 planum
379 400 556 450 autem
595 415 691 465 per
717 400 832 449 ΔΕ
869 396 934 448 ad
958 399 1067 448 AB
1106 396 1543 465 perpendiculare
1583 395 1802 447 ductum

8 525 13 546 s-
119 503 314 539 conum
363 488 525 555 secet3
572 485 752 552 itaque
801 484 986 552 anguli
1032 488 1230 554 ΑΕΔ,
1269 486 1435 536 ΑΕΖ
1482 483 1616 535 recti
1664 486 1802 536 sunt.

121 575 230 627 iam
272 575 319 627 si
358 592 522 627 conus
563 572 910 643 reetangulus
958 574 1041 624 est
1088 575 1142 624 et
1189 572 1308 624 ideo
1356 576 1390 633 L
1423 573 1587 623 ΒΑΓ
1625 573 1802 623 rectus

121 665 182 715 ut
236 663 292 715 in
337 663 512 732 prima
557 661 754 730 figura,
810 663 966 712 erunt
1020 664 1054 722 L
1086 662 1251 712 ΒΑΓ
1278 661 1338 726 -1-
1378 662 1542 711 ΑΕΖ
1597 658 1803 711 duobus

121 751 284 803 rectis
334 750 605 820 aequales;
664 766 827 817 quare
876 751 1043 800 AEZ
1091 751 1144 800 et
1189 750 1305 800 ΑΓ
1343 747 1633 815 parallelae
1681 750 1807 799 suni:

127 837 300 906 [Euel.
338 838 382 908 Ι,
425 838 537 904 28].
630 841 684 890 et
736 837 792 889 in
848 829 1124 905 euperfieie
1180 836 1300 889 coni
1354 836 1520 888 sectio
1577 834 1805 887 efficitur

122 927 385 995 parabola
433 944 567 995 quae
615 927 862 993 uoeassu1½
910 925 994 977 eui
1040 923 1144 977 hoc
1188 941 1385 976 nomen
1431 922 1661 975 inditum
1710 924 1806 989 est,

123 1014 249 1083 quia
287 1017 478 1083 ΔΕΖ,
527 1031 659 1082 quae
701 1013 1002 1065 communis
1051 1012 1215 1064 8661ἰο
1257 1014 1339 1063 681]
1377 1012 1526 1080 plani
1576 1010 1806 1063 secantis

123 1102 487 1172 triangulique
525 1120 621 1171 per
661 1120 815 1155 axem
847 1101 1028 1171 posi'ni‚
1067 1100 1226 1152 lateri
1257 1100 1516 1169 trianguli
1541 1103 1593 1151 A
1604 1100 1654 1152 Γ
1687 1117 1808 1167 par-

125 1191 284 1243 allela
323 1193 418 1242 esb.

236 1278 321 1330 sin
369 1295 532 1330 conus
581 1277 992 1344 obtusiangulus
1034 1278 1118 1328 est
1162 1277 1224 1327 ut
1262 1276 1320 1327 in
1361 1274 1594 1328 secunda
1634 1275 1808 1343 figura

125 1366 319 1419 obtuso
377 1365 584 1419 scilieet
644 1365 823 1433 posito
880 1369 914 1426 L
947 1365 1132 1433 ΒΑΓ,
1194 1365 1340 1415 reci-,0
1399 1366 1578 1415 autem
1628 1365 1808 1427 ΑΕΖ,

1276 1454 1310 1511 L
1342 1452 1514 1502 ΒΑΓ
1544 1451 1609 1516 -1-
1646 1452 1809 1501 ΑΕΖ

1277 1538 1482 1590 duobus
1515 1537 1677 1590 rectis
1703 1555 1809 1588 ma-

1276 1627 1416 1680 iores
1443 1630 1624 1694 erunb3
1649 1642 1810 1694 quare

1276 1717 1444 1766 AEZ
1489 1717 1542 1766 et
1582 1716 1697 1765 ΑΓ
1735 1715 1809 1764 la-

1276 1806 1364 1855 tus
1391 1802 1457 1854 ad
1480 1805 1662 1871 partes
1690 1804 1749 1868 Z,
1767 1803 1819 1853 Γ

1278 1908 1466 1942 uersus
1525 1907 1634 1942 non
1688 1907 1812 1942 con-

1278 1980 1520 2046 current,
1593 1976 1684 2029 sed
1746 1975 1814 2028 ad

1277 2068 1460 2133 partes
1501 2070 1574 2132 A,
1606 2068 1658 2115 E
1693 2082 1811 2116 uer-

1281 2171 1387 2221 sue,
1418 2153 1683 2221 producta
1716 2153 1811 2205 sei-

1278 2241 1405 2294 licet
1465 2243 1571 2293 ΓΑ
1634 2239 1701 2292 ad
1759 2244 1813 2292 A

1280 2328 1462 2395 [Eucl.
1504 2327 1530 2379 I
1584 2332 1683 2380 αἴτ.
1732 2328 1813 2394 5].

134 2418 316 2487 itaque
356 2419 576 2488 planum
619 2435 803 2471 secans
842 2417 900 2468 in
940 2415 1214 2486 superficie
1254 2417 1376 2469 coni
1416 2416 1706 2469 sectionem
1738 2416 1814 2468 ef-

132 2506 276 2559 ficiet
299 2505 655 2573 hyperbolam
688 2523 822 2573 quae
854 2506 1092 2572 uocatur,
1125 2503 1209 2556 eui
1235 2503 1338 2556 hoc
1360 2522 1559 2556 nomen
1583 2504 1813 2556 inditum

135 2598 238 2662 est,
295 2593 420 2662 quia
463 2593 647 2662 anguli
684 2593 786 2661 illi,
832 2592 884 2644 h.
926 2609 966 2644 e.
1007 2594 1193 2660 ΑΕΖ,
1232 2593 1413 2657 ΒΑΓ,
1459 2592 1590 2644 duos
1639 2594 1813 2644 rectos

140 2794 229 2825 rec.
258 2779 334 2835 W,
367 2793 456 2824 om.
482 2795 576 2824 vw.
685 2784 752 2824 19.
786 2781 886 2838 τῆς]
919 2792 1032 2823 corr.
1065 2792 1121 2822 ex
1152 2783 1234 2822 τοῦ
1267 2794 1326 2823 m.
1354 2782 1376 2820 1
1411 2794 1454 2834 p.
1562 2782 1630 2822 20.
1664 2778 1813 2836 AEZ]

139 2840 279 2882 AEZ
309 2853 340 2895 p
374 2839 422 2881 et
450 2838 525 2892 W,
568 2839 649 2882 sed
683 2853 795 2883 corr.
918 2842 989 2884 21.
1021 2837 1171 2895 AEZ]
1204 2851 1291 2882 om.
1318 2838 1379 2881 W
1409 2836 1457 2880 in
1490 2838 1602 2882 extr.
1635 2835 1730 2891 lin„
1762 2852 1813 2893 p3

140 2910 251 2941 corr.
286 2897 340 2940 U.
487 2900 558 2941 22.
593 2898 748 2955 AEZ]
789 2899 921 2940 ΑΕΖ
949 2896 1066 2953 Wp,
1100 2910 1213 2941 corr.
1246 2896 1298 2939 U.
1437 2895 1506 2952 Γ]
1541 2909 1652 2939 corr.
1687 2908 1744 2939 ex
1775 2897 1815 2938 E

139 2969 198 2999 m.
234 2959 256 2997 1
289 2953 363 2998 W.
493 2960 562 2999 27.
595 2954 831 3000 τουτέστιν
863 2955 936 2999 W.
