2046 3256
176 622 204 661 5

150 1067 203 1106 10

147 1509 201 1548 15

144 1955 202 1994 20

244 138 269 187 1
277 136 349 189 06
897 138 1278 183 FRAGMENTA.

240 253 438 323 οὕτως,
488 253 628 311 ὥστε
674 254 776 327 τὴν
826 261 937 310 ΖΔ
984 263 1113 328 ἴσην
1160 254 1304 312 εἶναι
1351 259 1418 330 τῇ
1464 261 1602 312 ΕΗ·
1655 259 1822 314 τοῦτο
1871 258 1934 315 δὲ

240 342 315 409 ὡς
374 350 577 415 αἴτημα
632 342 972 416 λαμβάνεται
1026 343 1446 402 ἀναπόδεικτον.
1540 344 1790 420 φανερὸν
1845 347 1935 420 δή,

240 430 324 487 ὅτι
368 432 461 487 καὶ
507 430 540 503 ἡ
592 438 699 487 ΖΕ
740 435 807 506 τῇ
857 438 987 488 ΔΗ
1026 440 1116 505 ἴση
1166 435 1333 491 ἐστίν.
1411 434 1526 490 ἐπεὶ
1574 428 1679 491 οὗν
1723 436 1936 493 κύκλου

237 522 340 576 τοῦ
378 525 560 576 ΑΔΓ
599 526 848 592 εἴληπται
897 534 1128 594 σημεῖον
1170 520 1324 589 ἐκτὸς
1361 522 1423 579 τὸ
1466 529 1536 595 Ζ,
1583 521 1691 580 ἀπὸ
1733 523 1795 580 δὲ
1831 527 1935 581 τοῦ

240 615 283 663 Ζ
324 608 428 666 δύο
463 607 681 665 εὐθεῖαι
714 612 775 664 αἱ

239 703 372 770 ΖΒ,
426 704 540 753 ΖΕ
604 715 771 772 προσ-

273 791 574 843 πίπτουσαι
611 788 734 859 τέμ-

236 893 402 932 νουσι
432 875 533 932 τὸν
561 876 769 932 κύκλον

1862 655 1927 695 ff

1479 944 1531 984 E

236 962 373 1020 κατὰ
452 964 519 1020 τὰ
583 974 658 1036 Α,
716 973 771 1020 Λ

234 1140 343 1197 ὑπὸ
377 1145 490 1198 τῶν
516 1148 637 1214 ΒΖ,
664 1149 771 1198 ΖΑ
1216 1146 1263 1183 A

237 1238 362 1287 ἴσον
396 1231 510 1286 ἐστὶ
550 1234 624 1307 τῷ
657 1229 767 1287 ὑπὸ

234 1322 347 1376 τῶν
372 1326 494 1392 ΕΖ,
515 1326 638 1375 ΖΔ.
674 1324 767 1375 δια

233 1410 299 1464 τὰ
356 1407 497 1465 αὐτὰ
552 1410 621 1480 δὴ
676 1410 768 1464 καὶ
862 1436 904 1474 Z
1228 1466 1278 1507 Α
1871 1439 1922 1483 B
1950 1440 1953 1443 ·

233 1496 295 1554 τὸ
343 1495 454 1553 ὑπὸ
493 1500 606 1553 τῶν
639 1503 770 1567 ΒΗ,

234 1591 353 1642 ΗΓ
402 1594 526 1642 ἴσον
583 1587 696 1641 ἐστὶ
751 1594 825 1661 τῷ
873 1583 982 1642 ὑπὸ
1029 1589 1144 1642 τῶν
1193 1592 1331 1656 ΔΗ,
1370 1592 1499 1642 ΗΕ.
1579 1593 1705 1644 ἴσον
1758 1587 1819 1643 δὲ
1865 1608 1928 1644 το

233 1672 342 1730 ὑπὸ
388 1679 501 1737 τῶν
541 1681 680 1746 ΔΗ,
712 1680 832 1730 ΗΕ
872 1684 947 1750 τῷ
995 1672 1105 1731 ὑπὸ
1155 1685 1270 1731 τῶν
1309 1681 1442 1747 ΕΖ,
1476 1681 1607 1730 ΖΔ·
1662 1683 1779 1732 ἴσαι
1824 1676 1933 1750 γάρ

234 1766 375 1819 εἰσιν
416 1764 644 1836 ἑκατέρα
694 1764 925 1838 ἑκατέρᾳ
971 1787 1005 1835 η
1056 1764 1157 1836 μὲν
1199 1770 1307 1819 ΖΕ
1341 1767 1407 1838 τῇ
1451 1770 1593 1837 ΔΗ,
1639 1762 1673 1837 ἡ
1716 1764 1779 1821 δὲ
1819 1771 1932 1821 ΖΔ

232 1855 298 1925 τῇ
338 1858 473 1907 ΕΗ·
521 1853 613 1908 καὶ
652 1851 716 1908 τὸ
756 1850 866 1908 ὑπὸ
905 1855 1020 1908 τῶν
1061 1858 1188 1925 ΒΖ,
1222 1859 1330 1908 ΖΑ
1375 1853 1484 1926 ἄρα
1532 1859 1659 1909 ἴσον
1702 1854 1817 1910 ἐστὶ
1854 1856 1931 1930 τῷ

235 1938 344 1997 ὑπὸ
383 1944 497 1998 τῶν
537 1947 676 2012 ΒΗ,
709 1947 838 1997 ΗΓ.
917 1946 1069 1998 ἔστιν
1110 1940 1245 2014 ἄρα,
1296 1940 1370 2007 ὡς
1414 1939 1449 2012 ἡ
1491 1948 1592 1997 ΖΒ
1639 1943 1781 2014 πρὸς
1827 1940 1933 2013 τὴν

233 2035 381 2101 ΒΗ,
435 2028 470 2101 ἡ
517 2035 638 2086 ΗΓ
684 2029 824 2102 πρὸς
870 2028 974 2101 τὴν
1023 2036 1146 2085 ΖΑ.
1246 2028 1368 2086 ἀλλ’
1422 2028 1496 2095 ὡς
1555 2030 1589 2101 ἡ
1638 2036 1740 2086 ΖΒ
1794 2029 1934 2102 πρὸς

233 2119 334 2190 τὴν
381 2124 522 2190 ΒΗ,
572 2117 749 2184 οὕτως
793 2117 829 2190 ἤ
875 2139 934 2174 τε
975 2124 1083 2173 ΖΑ
1128 2120 1269 2191 πρὸς
1307 2118 1410 2191 τὴν
1450 2126 1570 2174 ΑΔ
1606 2118 1699 2174 καὶ
1746 2115 1780 2189 ἡ
1822 2123 1939 2174 ΔΓ

231 2206 372 2278 πρὸς
431 2207 536 2279 τὴν
595 2213 719 2263 ΓΗ
781 2208 874 2262 διὰ
930 2206 1032 2278 τὴν
1090 2205 1389 2279 ὁμοιότητα
1449 2211 1566 2263 τῶν
1625 2200 1932 2281 τριγώνων.

234 2303 324 2366 ἴση
375 2295 436 2351 δὲ
482 2294 517 2365 ᾗ·
564 2295 665 2367 μὲν
714 2300 831 2350 ΔΓ
875 2298 941 2368 τῇ
990 2302 1132 2366 ΑΒ,
1187 2293 1221 2367 ἡ
1272 2296 1334 2350 δὲ
1380 2301 1497 2351 ΑΔ
1541 2304 1607 2368 τῇ
1659 2300 1783 2351 ΒΓ·
1838 2295 1933 2351 καὶ

177 2396 201 2436 5
236 2381 312 2449 ὡς
348 2382 458 2457 ἄρα
496 2382 529 2455 ἡ
571 2391 680 2439 ΑΒ
719 2382 857 2457 πρὸς
894 2386 997 2455 τὴν
1030 2389 1167 2454 ΓΗ,
1216 2381 1393 2448 οὕτως
1430 2381 1465 2454 ἡ
1507 2389 1616 2438 ΖΛ
1653 2382 1792 2454 πρὸς
1828 2386 1931 2454 τὴν

233 2478 365 2530 ΛΔ.
442 2465 516 2542 ἦν
556 2471 617 2527 δὲ
656 2476 773 2542 καί,
814 2471 887 2536 ὡς
925 2469 959 2543 ἡ
1001 2477 1102 2526 ΖΒ
1149 2470 1288 2543 πρὸς
1325 2474 1427 2542 τὴν
1467 2474 1604 2542 ΒΗ,
1643 2473 1931 2528 τουτέστιν

235 2561 268 2632 ἡ
316 2566 432 2616 ΑΒ
488 2558 626 2632 πρὸς
678 2564 779 2631 τὴν
836 2565 980 2631 ΗΓ,
1043 2558 1077 2632 ἡ
1129 2565 1256 2615 ΗΓ
1301 2559 1440 2632 πρὸς
1492 2558 1596 2631 τὴν
1643 2566 1778 2615 ΖΑ·
1839 2559 1932 2615 καὶ

237 2648 311 2715 ὡς
358 2648 465 2723 ἄρα
512 2647 547 2720 ἡ
588 2656 698 2704 ΑΒ
744 2648 881 2720 πρὸς
926 2648 1028 2720 τὴν
1069 2654 1199 2720 ΗΓ,
1249 2646 1424 2714 οὕτως
1470 2646 1506 2720 ἥ
1545 2670 1603 2704 τε
1640 2653 1762 2704 ΗΓ
1791 2646 1932 2720 πρὸς

235 2739 338 2793 τᾶν
381 2743 488 2792 ΖΑ
534 2738 626 2793 καὶ
671 2735 706 2809 ἡ
748 2743 854 2792 ΖΛ
901 2736 1038 2809 πρὸς
1083 2735 1186 2808 τὴν
1226 2742 1342 2794 ΒΓ.
1420 2740 1483 2792 αἱ
1519 2738 1780 2810 τέσσαρες
1819 2736 1928 2810 ἄρα

355 2928 408 2972 In
441 2930 517 2987 fig.
549 2928 641 2974 litt.
676 2932 710 2973 Z
743 2929 791 2973 et
823 2931 873 2972 H
899 2930 1139 2986 permutat
1170 2929 1240 2973 ed.
1275 2929 1378 2972 Ald.
