2020 3236
0 0 82 184 Ε

1 243 25 347 ἒ
78 302 522 372 contingentibus
577 302 839 371 loquitur,
898 303 956 354 in
1008 321 1152 370 prop.
1206 302 1469 357 XXXVII
1525 303 1588 355 de
1643 320 1763 357 con-

389 175 638 218 EUTOCII
671 175 1106 218 COMMENTARIA
1135 177 1200 219 IN
1233 176 1466 220 CONICA.
1654 175 1761 228 287

80 398 419 468 tingentibus
481 401 536 451 et
589 398 652 450 de
706 398 866 450 rectis
876 438 889 462 ‚
953 416 1088 467 quae
1143 417 1175 450 a
1228 401 1429 467 puncto
1486 401 1763 452 contactus

0 524 21 572 ὲ,
76 493 135 547 in
225 493 402 563 ellipsi
492 492 898 562 hyperbolaque
991 493 1234 545 ordinate
1325 493 1616 562 ducuntur,
1706 494 1764 546 in

74 607 227 659 prop.
285 587 577 642 XXXVIII
646 588 710 641 de
780 588 941 641 rectis
1003 588 1359 657 hyperbolam
1423 588 1762 658 ellipsimque

21 715 26 718 ·
77 685 541 755 contingentibUS,
589 702 694 753 quo
742 684 902 737 modo
951 684 1016 737 ad
1065 685 1290 737 alteram
1338 684 1657 737 diametrum
1705 702 1762 737 se

73 779 328 849 habeant,
366 780 422 832 in
460 798 650 848 propp.
689 777 919 831 XXXIX
958 781 1013 831 et
1050 778 1145 831 XL
1186 779 1249 831 de
1289 779 1480 832 iisdem
1520 780 1762 848 loquitur

74 875 313 928 rationes
353 893 417 927 ex
456 875 524 928 iis
565 876 893 944 compositas
934 893 1210 944 quaerenS‚
1250 875 1306 927 in
1344 893 1495 944 prop.
1535 874 1659 926 XLI
1699 875 1761 927 de

73 971 596 1041 parallelogrammis
659 972 716 1024 in
778 973 924 1024 recta
987 971 1229 1024 ordinate
1291 970 1452 1023 ducta
1506 970 1760 1039 radioque

76 1065 405 1135 hyperbolae
459 1067 770 1136 ellipsisque
826 1066 1131 1134 descriptiS,
1184 1067 1242 1118 in
1294 1084 1444 1134 prop.
1498 1064 1650 1118 XLII
1703 1065 1761 1117 in

74 1161 337 1231 parabola
406 1163 536 1215 dicit
603 1162 936 1233 triangulum
1007 1181 1038 1214 a
1103 1162 1440 1231 contingenti
1501 1164 1554 1213 et
1613 1165 1761 1214 recta

76 1256 318 1310 ordinate
352 1257 511 1311 ducta
544 1258 988 1327 comprehensum
1023 1257 1302 1326 aequalem
1335 1274 1450 1309 esse
1474 1257 1761 1324 parallelo-

0 1353 3 1375 *
76 1369 343 1422 gramme,
411 1353 555 1422 quod
617 1352 840 1405 eandem
905 1352 1244 1404 altitudinem
1305 1352 1524 1421 habeat,
1584 1353 1760 1405 basim

77 1451 257 1501 autem
285 1448 579 1517 dimidiam,
612 1448 670 1500 in
693 1466 844 1517 prop.
868 1446 1046 1499 XLIII
1070 1448 1128 1499 in
1151 1447 1453 1516 hyperbola
1478 1448 1759 1517 ellipsique

6 1541 9 1590 ἱ
50 1536 301 1613 quaerit,
338 1561 442 1613 quo
476 1544 635 1596 modo
668 1543 925 1612 trianguli
960 1561 991 1594 a
1023 1542 1462 1611 contingentibus
1493 1543 1758 1611 rectisque

76 1638 320 1691 ordinate
354 1639 524 1692 ductis
558 1638 755 1691 abscisi
786 1639 928 1691 inter
961 1656 1016 1690 se
1040 1638 1291 1706 habeant,
1323 1638 1380 1690 in
1403 1656 1556 1707 prop.
1580 1636 1758 1690 XLIV

74 1732 214 1786 idem
275 1735 331 1786 in
393 1734 680 1803 oppositis,
740 1733 798 1785 in
859 1752 1012 1802 prop.
1072 1732 1221 1785 XLV
1283 1732 1426 1786 idem
1479 1733 1536 1784 in
1591 1733 1759 1785 altera

75 1829 334 1882 diametro
388 1828 717 1898 hyperbolae
773 1828 1105 1897 ellipsisque,
1158 1829 1214 1880 in
1267 1846 1419 1896 prop.
1468 1827 1648 1881 XLVI
1695 1828 1757 1881 de

75 1924 263 1977 ceteris
326 1924 604 1976 diametris
658 1924 948 1992 parabolae
1002 1926 1216 1992 praeter
1268 1924 1640 1993 principalem,
1700 1924 1757 1975 in

73 2037 222 2088 prop.
246 2017 450 2072 XLVII
475 2019 538 2071 de
564 2019 754 2072 ceteris
781 2018 1058 2071 diametris
1082 2018 1412 2086 hyperbolae
1433 2019 1758 2087 ellipsisque‚

75 2113 131 2166 in
182 2132 333 2183 prop.
387 2113 622 2166 XLVIII
676 2114 738 2165 de
795 2114 985 2166 ceteris
1042 2113 1317 2166 diametris
1371 2113 1758 2183 oppositarum,

74 2207 132 2261 in
169 2227 322 2277 prop.
360 2207 535 2260 XLIX
576 2208 640 2260 de
679 2208 999 2276 parametris
1040 2209 1337 2259 ceterarum
1373 2207 1757 2262 diametrorum

51 2304 381 2382 ijparabolae,
413 2304 469 2356 in
501 2320 651 2371 prop.
676 2301 718 2354 L
752 2303 815 2355 de
850 2302 1036 2355 eodem
1060 2303 1117 2354 in
1141 2303 1436 2370 hyperbola
1461 2304 1757 2374 ellipsique‚

74 2398 132 2450 in
185 2416 335 2467 prop.
388 2398 461 2450 LI
517 2398 580 2450 de
636 2397 821 2450 eodem
875 2398 932 2449 in
986 2398 1268 2467 oppositis.
1354 2398 1437 2451 his
1493 2399 1647 2453 dictis
1704 2404 1758 2452 et

76 2493 288 2563 epilogo
330 2493 562 2562 quodam
599 2493 755 2546 dictis
791 2493 999 2545 adiecto
1034 2492 1083 2558 [I
1105 2512 1155 2562 p.
1185 2493 1314 2559 158]
1348 2494 1405 2545 in
1436 2513 1625 2563 propp.
1658 2495 1756 2546 LII

0 2612 2 2618 ⁸
76 2589 130 2639 et
173 2587 302 2641 LIII
348 2588 628 2656 problema
667 2588 1023 2655 demonstrat,
1070 2605 1174 2656 quo
1213 2588 1372 2640 modo
1412 2589 1528 2640 fieri
1565 2591 1756 2657 possit,

0 2699 2 2706 ’
75 2685 138 2734 ut
193 2683 248 2735 in
301 2683 465 2750 plano
527 2683 786 2751 parabola
847 2682 1207 2751 describatur,
1266 2684 1322 2735 in
1383 2701 1573 2752 propp.
1627 2682 1755 2736 LIV

75 2952 101 2984 e
133 2880 454 2987 1ἐς).1ι3ῗρχιῆινήν]
485 2898 530 2940 p,
564 2881 712 2941 ἀρχήν
744 2884 818 2929 W.
926 2889 995 2930 21.
1027 2889 1120 2930 τῶν
1139 2886 1278 2943 (alt.)]
1313 2885 1494 2942 Halley,
1527 2899 1613 2930 om.
1641 2901 1671 2942 p
1705 2888 1754 2930 et

102 2954 132 2983 x
156 2957 189 2986 r.
239 2956 301 2986 111.
397 2975 407 2986 .
