2046 3256
23 0 140 135 r

25 1676 34 1706 *⁴
22 1275 57 1661 -·<2⁴2r,:³3=r‡=vngsfffi2aevae⁴ff
35 1253 40 1260 ν
30 1083 58 1227 „-,-<2,·3--5·‹g;
40 816 55 889 star.
44 790 47 791 ,
50 727 52 729 v
51 684 53 687 ⁵
52 631 58 651 „
48 505 59 526 ,ἶ
47 461 57 475 μ
44 382 58 426 ff
48 315 54 361 NJ

653 172 1008 216 CONICORUM
1037 175 1218 216 LIBER
1247 176 1324 218 IV.
1755 172 1822 225 87

143 291 260 362 [III,
302 291 394 361 393
434 290 585 344 Eucl.
618 289 682 360 V,
725 292 840 362 16];
880 293 1020 362 quod
1059 294 1175 347 fieri
1213 313 1323 348 non
1362 295 1556 364 potest.
1619 311 1747 364 ergo
1782 297 1826 345 Z

141 399 262 434 cum
301 383 354 432 E
387 396 496 433 non
537 380 817 433 concurrit.

915 555 1053 610 LIV.

253 657 311 711 Si
341 658 638 728 hyperbola
671 660 896 712 alteram
923 661 1294 730 oppositarum
1320 661 1589 731 contingit
1615 663 1826 731 partem

141 764 433 800 connexam
483 746 761 800 aduersam
806 748 1040 818 habenS,
1095 748 1262 802 sectio
1313 750 1360 801 ei
1409 750 1659 818 opposita
1705 768 1824 802 cum

141 836 314 888 altera
353 836 723 904 oppositarum
762 854 874 889 non
917 839 1211 891 concurret.

100 1000 103 1001 ⁷
157 946 199 985 A
516 944 557 982 Δ
958 926 1067 979 sint
1085 925 1366 994 oppositae
1392 928 1458 994 A,
1476 929 1538 995 Β,
1564 928 1616 978 et
1635 926 1824 979 sectio-

844 1192 1024 1259 posita
1074 1190 1145 1242 sit
1192 1194 1253 1243 Z.
1336 1189 1476 1259 dico,
1524 1193 1570 1241 Z
1616 1208 1736 1243 cum
1776 1193 1823 1242 Β

846 1297 954 1331 non
991 1295 1318 1331 concurrere.

959 1367 1026 1418 ab
1073 1371 1126 1418 A
1184 1365 1448 1418 sectiones
1506 1366 1822 1435 contingens

223 1428 542 1524 m
848 1454 1074 1506 ducatur
1104 1459 1156 1506 A
1167 1455 1233 1522 Γ,
1266 1458 1318 1505 A
1329 1455 1382 1505 Γ
1404 1453 1573 1522 igitur
1603 1456 1825 1523 propter

848 1547 899 1594 A
917 1547 971 1594 A
1040 1560 1160 1594 cum
1230 1545 1275 1594 Z
1343 1559 1454 1595 non
1523 1544 1825 1610 concurret,

846 1032 971 1065 nem
998 1017 1052 1064 A
1083 1014 1365 1083 contingat
1389 1013 1687 1083 hyperbola
1711 1019 1763 1066 A
1771 1017 1825 1065 A

661 1028 775 1440 <
844 1103 899 1153 in
943 1106 1017 1172 A,
1069 1102 1294 1154 sectioni
1343 1104 1522 1154 autem
1569 1106 1686 1154 AA
1733 1120 1824 1171 op-

668 1216 709 1256 B

28 1667 43 1686 2
139 1636 361 1701 propter
392 1636 445 1684 A
484 1635 663 1685 auten]
703 1649 822 1684 cum
855 1634 902 1683 Β
940 1649 1049 1683 non
1081 1632 1363 1684 concurret
1401 1629 1493 1699 [II,
1519 1631 1628 1696 33].
1693 1647 1822 1699 ergo

139 1722 255 1772 ΛΓ
285 1721 423 1773 inter
462 1721 724 1773 sectiones
765 1723 828 1789 Β,
861 1723 905 1771 Ζ
945 1719 1118 1788 cadet,
1159 1722 1213 1771 et
1251 1718 1597 1771 manifestum
1638 1721 1736 1786 est,
1775 1720 1822 1768 B

139 1827 261 1861 cum
293 1812 337 1860 Z
375 1826 486 1862 non
518 1826 845 1861 concurrere.

927 1953 1039 2008 LV.

251 2056 543 2126 Oppositae
595 2058 872 2126 oppositas
919 2057 976 2109 in
1020 2057 1265 2126 pluribus
1309 2055 1522 2124 punctis
1564 2073 1725 2124 quam
1764 2055 1821 2107 in

140 2147 395 2214 quattuor
432 2163 542 2198 non
580 2148 779 2198 secant.

254 2233 363 2286 sint
419 2233 561 2286 enim
615 2234 894 2302 oppositae
934 2237 1065 2302 ΑΒ,
1099 2235 1201 2286 ΓΔ
1255 2236 1308 2285 et
1355 2232 1491 2285 aliae
1539 2231 1821 2300 oppositae

141 2321 362 2372 ΑΒΓΔ
373 2318 430 2389 1),
447 2323 564 2389 ΕΖ,
589 2323 642 2373 et
665 2320 812 2389 prius
840 2322 1004 2374 sectio
1029 2322 1249 2374 ΑΒΓΔ
1273 2322 1553 2388 utramque
1577 2324 1630 2371 A
1639 2322 1703 2388 Β,
1720 2321 1822 2371 ΓΔ

32 2423 38 2451 ῑ
140 2408 198 2460 in
234 2411 487 2477 quattuor
518 2408 727 2477 punctis
761 2412 905 2461 secet
936 2414 1002 2478 A,
1026 2413 1088 2478 Β,
1113 2411 1172 2474 Γ,
1200 2412 1253 2460 Δ
1283 2410 1494 2476 partem
1527 2425 1821 2460 conuexam

140 2495 344 2548 habens
400 2496 703 2565 aduersam,
756 2500 818 2549 ut
871 2497 928 2548 in
980 2497 1154 2564 prima
1198 2497 1388 2566 figura.
1474 2512 1603 2565 ergo
1654 2495 1819 2547 sectio

141 2583 366 2636 sectioni
412 2585 633 2635 ΑΒΓΔ
680 2584 952 2652 opposita,
1004 2583 1108 2636 hoc
1155 2586 1237 2636 est
1284 2586 1409 2651 EZ,
1466 2600 1587 2635 cum
1631 2585 1821 2635 neutra

140 2671 439 2724 sectionum
477 2674 608 2739 ΑΒ,
639 2673 742 2723 ΓΔ
780 2674 1063 2724 concurret
1102 2673 1272 2740 [prop.
1311 2669 1532 2736 XL111].

260 2829 302 2884 1)
341 2827 393 2871 In
430 2828 580 2884 figura
619 2828 793 2873 codicis
825 2828 868 2872 V
908 2830 956 2873 et
994 2829 1071 2874 hic
1110 2831 1159 2874 et
1186 2829 1317 2873 'infra
1355 2831 1414 2882 Γ,
1441 2831 1482 2871 Δ
1521 2828 1818 2883 permutatae

141 2887 259 2929 sunt.
321 2886 441 2931 unde
473 2886 703 2942 scriptura
726 2887 901 2933 codicis
926 2903 956 2944 p
989 2890 1093 2933 orta
1125 2890 1209 2934 est.
1273 2887 1353 2931 sed
1384 2888 1592 2942 praestat
1618 2886 1818 2943 figuram

139 2957 243 2988 cum
275 2945 428 2989 Memo
459 2946 651 2990 mutare.
