2046 3224
642 147 998 191 CONICORUM
1028 148 1210 189 LIBER
1239 148 1315 191 IV.
1779 145 1812 197 5

129 269 247 322 dem
283 267 496 338 generis
529 285 560 320 a
591 267 741 319 nullo
774 284 994 335 prorsus
1021 266 1326 335 excogitata
1349 265 1577 334 repperi.
1635 265 1815 317 omnia

133 361 338 422 autem,
387 373 522 425 quae
563 355 817 424 diximUS,
867 373 1002 423 quae
1043 354 1257 423 quidem
1298 354 1667 407 demonstrata
1705 371 1816 407 non

129 445 520 514 inuenerimUS,
574 444 748 496 multa
803 445 856 495 et
908 442 1062 495 uaria
1108 442 1432 511 flagitabant
1478 442 1817 495 theoremata

127 534 374 603 mirifica,
422 551 649 602 quorum
697 532 952 601 pleraque
991 532 1048 583 in
1087 531 1275 599 primis
1314 531 1492 583 tribus
1532 531 1687 583 libris
1729 549 1816 582 ex-

126 610 536 693 posui,reliqua
570 624 748 675 autem
782 620 840 671 in
870 620 985 672 hoc.
1041 619 1174 674 haec
1199 637 1326 672 uero
1352 623 1636 687 perspecta
1659 637 1817 671 usum

128 711 259 764 satis
313 728 574 781 magnum
629 712 683 761 et
730 709 797 761 ad
844 709 1265 776 compositiones
1314 708 1716 777 problematum
1765 709 1818 759 et

129 798 196 851 ad
236 798 709 851 determinationes
750 796 1026 866 praebent.
1093 795 1370 849 Nicoteles
1413 796 1554 848 enim
1594 798 1819 863 propter

129 904 281 940 suam
330 904 451 939 cum
496 885 718 940 Conone
766 885 1190 939 controuersiam
1238 884 1483 954 negauit,
1529 884 1700 935 ullum
1749 884 1816 935 ab

127 975 210 1040 iis,
250 992 386 1043 quae
427 973 617 1028 Conon
657 973 1001 1043 repperisset,
1041 973 1109 1025 ad
1150 972 1620 1025 determinationes
1661 966 1818 1024 usum

129 1062 411 1133 proficisci,
450 1063 542 1117 sed
580 1063 812 1132 fallitur3
849 1081 976 1115 nam
1018 1062 1119 1114 etsi
1154 1061 1239 1114 his
1275 1060 1493 1114 omnino
1525 1078 1636 1113 non
1667 1078 1818 1112 usur-

127 1151 272 1220 patis
295 1152 352 1204 in
369 1151 908 1206 determinationibus
926 1151 1083 1219 plene
1102 1150 1296 1219 exponi
1314 1150 1554 1218 possunt,
1580 1150 1820 1200 attamen

137 1239 398 1309 quaedam
445 1239 660 1293 facilius
705 1257 800 1308 per
841 1257 903 1291 ea
942 1238 1174 1308 perspici
1213 1240 1463 1306 possunt,
1509 1237 1659 1289 uelut
1697 1253 1819 1305 pro-

130 1328 309 1382 blema
357 1328 720 1397 compluribus
769 1327 943 1380 modis
992 1327 1079 1379 uel
1126 1329 1210 1379 tot
1255 1325 1426 1378 modis
1475 1324 1615 1377 effici
1660 1341 1819 1393 posse

131 1420 224 1469 aut
269 1434 454 1470 rursus
502 1434 612 1469 non
661 1433 842 1484 posse,
889 1418 942 1467 et
982 1415 1094 1467 eius
1136 1414 1280 1467 modi
1319 1414 1539 1482 praeuia
1579 1411 1818 1481 cognitio

131 1504 197 1557 ad
238 1504 578 1573 quaestiones
620 1505 752 1557 satis
792 1521 1050 1573 magnum
1090 1503 1313 1572 praebet
1344 1502 1726 1568 adiumentum,
1767 1504 1821 1551 et

131 1593 294 1646 etiam
352 1593 418 1645 ad
465 1594 711 1665 analyses
760 1591 1266 1645 determinationum
1313 1591 1470 1644 utilia
1519 1592 1642 1642 sunt
1688 1588 1820 1640 haec

130 1680 479 1733 theoremata.
541 1699 727 1733 uerum
764 1680 865 1733 hac
897 1679 1133 1732 utilitate
1167 1679 1370 1732 omissa
1403 1678 1564 1731 etiam
1597 1680 1821 1746 propter

134 1769 280 1837 ipsas
307 1768 797 1822 demonstrationes
824 1767 1266 1835 comprobatione
1293 1766 1458 1837 digna
1484 1768 1662 1834 erunt3
1695 1783 1820 1817 nam

133 1857 297 1910 etiam
338 1857 446 1909 alia
483 1859 656 1909 multa
687 1856 744 1908 in
775 1855 1173 1908 mathematicis
1205 1854 1307 1907 hac
1339 1855 1402 1907 de
1436 1872 1598 1907 causa
1628 1871 1727 1906 nec
1759 1853 1821 1905 de

133 1944 240 1997 alia
278 1945 391 1997 ulla
430 1945 856 2014 comprobamus,

958 2075 998 2127 I.

249 2179 304 2233 Si
344 2183 495 2232 extra
534 2180 654 2233 coni
694 2179 988 2232 sectionem
1027 2178 1113 2230 uel
1151 2177 1412 2230 ambitum
1447 2177 1627 2230 circuli
1658 2194 1821 2245 punc-

136 2271 254 2321 tum
294 2267 511 2336 aliquod
552 2267 796 2336 sumitur,
837 2268 890 2318 et
922 2266 988 2318 ab
1023 2283 1084 2319 eo
1119 2265 1183 2317 ad
1219 2265 1511 2317 sectionem
1544 2264 1678 2317 duae
1709 2282 1821 2317 rec-

136 2360 224 2409 tae
266 2355 541 2425 adcidunt,
582 2374 808 2424 quarum
850 2355 1019 2407 altera
1059 2353 1343 2422 contingit,
1384 2353 1558 2405 altera
1596 2353 1653 2405 in
1693 2351 1820 2405 duo-

135 2444 235 2496 bus
275 2443 490 2512 punctis
532 2445 691 2513 secat,
731 2446 785 2495 et
825 2460 983 2511 quam
1022 2442 1288 2513 rationem
1327 2440 1494 2493 habet
1523 2442 1642 2493 tota
1675 2443 1822 2494 recta

139 2550 322 2585 secans
357 2531 422 2583 ad
456 2533 666 2599 partem
699 2530 1026 2583 extrinsecus
1059 2530 1200 2582 inter
1230 2532 1490 2599 punctum
1515 2527 1820 2596 lineamque

139 2619 423 2687 abscisam,
463 2617 751 2670 secundum
791 2617 930 2670 hanc
969 2620 1116 2670 recta
1154 2617 1299 2669 intus
1341 2616 1553 2669 abscisa
1595 2617 1822 2684 secatur,

199 2797 265 2839 17.
300 2791 571 2849 διορισμιδν]
607 2787 809 2848 ὁρισμῶν
842 2790 942 2847 Vp3
981 2805 1095 2835 corr.
1129 2790 1309 2846 Halley.
1462 2794 1531 2832 22.
1566 2785 1637 2844 α’]
1671 2803 1726 2844 p,
1760 2802 1818 2832 m.

138 2880 227 2911 rec.
259 2865 314 2909 V.
445 2869 516 2909 25.
549 2861 813 2920 ἐφάπτηται
846 2863 909 2918 V3
944 2878 1058 2909 corr.
1090 2879 1134 2920 p.
1267 2867 1335 2906 26.
1370 2858 1477 2919 δύο]
1513 2851 1549 2919 ῥ-
1571 2861 1625 2905 V.
1749 2864 1818 2904 28.

139 2924 330 2981 τοῦτον]
368 2922 434 2974 εἰς
465 2924 632 2968 τοῦτον
664 2922 844 2978 Halley.
