2046 3256
255 129 325 182 68
919 130 1199 175 ΚΩΝἹΚῼΝ
1229 128 1294 175 δ’.

366 250 615 303 ἔστωσαν
663 244 1039 319 ἀντικείμεναι
1086 250 1148 303 αἱ
1183 254 1319 318 ΑΒ,
1358 253 1423 317 Γ,
1469 246 1562 302 καὶ
1602 243 1881 318 ὑπερβολὴ
1920 243 1956 317 ἡ

253 341 419 392 ΑΓΒ
465 340 531 409 τῇ
580 334 683 408 μὲν
722 342 832 391 ΑΒ
881 338 1229 408 συμπιπτέτω
1271 335 1409 392 κατὰ
1448 335 1517 392 τὰ
1556 340 1635 406 A,
1674 340 1749 407 Β,
1787 336 1853 408 τῇ
1894 333 1957 390 δὲ

256 429 311 480 Γ
339 424 471 480 καθ’
518 428 580 481 ἓν
619 423 682 481 τὸ
718 429 781 496 Γ,
819 423 913 480 καὶ
952 427 1090 481 ἔστω
1131 427 1197 498 τῇ
1230 429 1395 480 ΑΓΒ
1433 421 1780 495 ἀντικειμένη
1819 420 1854 495 ἡ
1887 430 1957 480 A.

254 514 417 585 λέγω,
458 511 544 570 ὅτι
582 511 618 586 ἡ
661 520 718 569 A
757 510 1024 589 οὐδετέρᾳ
1062 516 1176 570 τῶν
1216 521 1270 569 A
1280 520 1353 586 Β
1385 518 1439 569 Γ
1470 522 1840 585 συμπεσεῖται.

201 613 227 652 5
374 601 797 675 ἐπεζεύχθωσαν
829 600 936 674 γὰρ
970 605 1032 658 αἰ
1059 609 1113 658 Α
1122 607 1185 673 Γ
1217 607 1330 658 ΒΓ
1351 602 1443 658 καὶ
1476 599 1958 689 ἐκβεβλήσθωσαν.

255 694 318 747 αι
360 690 470 766 άρα
507 696 642 762 ΑΓ,
681 695 794 747 ΒΓ
822 693 888 764 τῇ
928 696 984 746 A
1028 694 1168 765 τομῇ
1212 690 1280 747 οὐ
1322 692 1751 762 συμπεσοῦνται.
1830 686 1952 745 ἀλλ’

257 777 392 836 οὐδὲ
414 788 481 854 τῆ
507 785 562 837 Γ
584 789 724 854 τομῇ
749 778 866 836 κατ’

256 867 391 925 άλλο
480 879 711 942 σημεῖον
797 867 866 925 οὐ

257 960 675 1030 συμπεσοῦνται
718 957 866 1030 πλὴν

170 1057 226 1097 10
257 1048 319 1103 τὸ
355 1052 416 1103 Γ.
494 1051 544 1103 εἰ
581 1048 690 1119 γὰρ
731 1064 863 1120 συμ-

256 1134 531 1206 βάλλουσι
590 1136 683 1191 καὶ
734 1135 868 1192 καθ’

259 1225 467 1295 ἕτερον,
497 1227 563 1298 τῇ
583 1231 691 1280 ΑΒ
717 1223 864 1282 ἀντι-

256 1314 480 1387 κειμένῃ
538 1313 608 1370 οὐ
662 1330 866 1387 συμπε-

259 1405 512 1458 σοῦνται·
571 1400 895 1460 ὑπόκεινται
943 1405 1006 1462 δὶε
1055 1411 1483 1478 συμπίπτουσαι.
1579 1409 1641 1461 αἰ
1684 1411 1819 1478 ΑΓ,
1858 1411 1971 1462 ΒΓ

160 1500 227 1541 *15
261 1491 373 1562 ἄρα
402 1490 622 1548 εὐθεῖαι
652 1495 719 1566 τῇ
753 1492 855 1565 μὲν
879 1499 933 1549 Γ
963 1498 1104 1568 τομῇ
1137 1493 1269 1551 καθ’
1300 1498 1361 1551 ἓν
1394 1494 1779 1567 συμβάλλουσι
1808 1493 1870 1552 τὸ
1897 1499 1962 1567 Γ,

259 1582 325 1652 τῇ
375 1579 438 1635 δὲ
485 1587 540 1635 A
585 1583 727 1654 τομῇ
775 1578 911 1638 οὐδὲ
955 1583 1098 1650 ὅλως
1145 1583 1578 1656 συμβάλλουσιν.
1666 1582 1701 1656 ἡ
1750 1591 1806 1639 A
1852 1582 1962 1657 ἄρα

261 1671 414 1723 ε”σται
471 1666 582 1724 ὑπὸ
639 1668 743 1739 τὴν
795 1674 1010 1740 γωνίαν
1058 1671 1160 1743 τὴν
1199 1670 1308 1728 ὑπὸ
1359 1677 1532 1729 ΕΓΖ.
1625 1670 1767 1730 ὥστε
1821 1669 1855 1744 ἡ
1907 1679 1963 1728 A

259 1756 402 1828 τομὴ
444 1754 514 1812 οὐ
554 1769 912 1830 συμπεσεῖται
950 1771 1070 1826 ταῖς
1109 1768 1162 1816 Α
1172 1767 1236 1832 Β,
1274 1766 1330 1817 Γ.

1062 1970 1171 2022 μς.

165 2061 232 2102 20
371 2049 503 2106 Ἐὰν
559 2049 843 2125 ὑπερβολὴ
899 2056 999 2128 μιᾷ
1045 2056 1156 2109 τῶν
1212 2051 1611 2125 ἀντικειμένων
1656 2052 1795 2110 κατὰ
1838 2057 1965 2124 τρία

265 2150 463 2211 σημεῖα
511 2140 830 2214 συμβάλλῃ,
878 2139 911 2212 ἡ
963 2140 1314 2213 ἀντικειμένη
1363 2141 1504 2215 αὐτῇ
1551 2145 1617 2215 τῇ
1657 2141 1813 2217 ἑτέρᾳ
1849 2145 1964 2198 τῶν

264 2225 664 2299 ἀντικειμένων
707 2226 776 2284 οὐ
815 2241 1172 2300 συμπεσεῖται
1210 2227 1356 2301 πλὴν
1395 2227 1527 2286 καθ’
1571 2231 1648 2286 ἕν.

377 2319 627 2371 ἔστωσαν
676 2314 1053 2388 ἀντικείμεναι
1100 2321 1163 2373 αἰ
1196 2322 1386 2389 ΑΒΓ,
1428 2324 1542 2373 ΔΕ
1555 2324 1623 2388 Ζ,
1671 2318 1765 2373 καὶ
1801 2315 1964 2390 ὑπερ-

266 2404 404 2474 βολὴ
439 2400 473 2473 ἡ
501 2411 553 2458 Α
564 2409 635 2459 Μ
637 2408 746 2459 ΒΓ
772 2406 1128 2475 συμβαλλέτω
1159 2409 1225 2479 τῇ
1251 2410 1424 2462 ΑΒΓ
1445 2404 1582 2463 κατὰ
1615 2409 1741 2476 τρία
1765 2417 1966 2478 σημεῖα

181 2502 238 2543 25
270 2489 336 2547 τὰ
369 2497 438 2559 Α,
471 2497 536 2561 Β,
571 2496 632 2562 Γ,
667 2495 804 2547 ἔστω
839 2492 900 2548 δὲ
931 2502 997 2565 τῇ
1028 2498 1216 2550 ΑΜΓ
1240 2491 1590 2566 ἀντικειμένη
1624 2491 1848 2565 ἡΔΕΚ
1877 2497 1965 2567 [τῇ

269 2578 330 2634 δὲ
377 2576 614 2650 ΑΒΓὴ
656 2585 867 2650 ΔΕΖ].
943 2581 1111 2654 λέγω,
1161 2582 1246 2638 ὅτι
1285 2579 1318 2652 ἡ
1358 2588 1539 2637 AEK
1573 2584 1639 2655 τῇ
1678 2588 1847 2639 ΔΕΖ
1895 2581 1963 2638 οὐ

268 2668 572 2739 συμβάλλει
611 2667 749 2722 κατὰ
788 2673 1019 2724 πλείονα
1059 2680 1257 2741 σημεῖα
1295 2669 1330 2740 ἢ
1373 2671 1447 2725 ἕν.

390 2862 430 2902 3.
465 2859 620 2916 ΑΓΒ]
654 2874 706 2916 p·
742 2861 841 2913 ΑΓ,
867 2861 960 2902 ΒΓ
986 2859 1041 2904 V.
1179 2864 1246 2904 10.
1281 2859 1616 2918 συμβάλλουσι]
1650 2873 1730 2917 cp,
1764 2857 1963 2920 συμβάλ-

271 2919 382 2960 λωσι
413 2916 467 2961 V.
594 2921 663 2962 25.
697 2917 752 2975 τῇ
789 2915 841 2962 δὲ
876 2921 1014 2962 ΑΒΓ
1039 2915 1069 2974 ἡ
1103 2918 1259 2976 ΔΕΖ]
1292 2919 1347 2974 V,
1381 2933 1467 2964 om.
1494 2933 1539 2975 p.
