2046 3256
139 1066 193 1106 10

135 1511 190 1550 15

135 1955 193 1996 20

139 2398 195 2438 25

226 132 336 186 226
699 133 1138 176 COMMENTARIA
1167 133 1449 185 ANTIQUA.

225 250 497 324 αγόμεναι
531 249 564 323 ἡ
595 257 707 308 ΒΕ.
772 249 1024 323 φανερὸν
1059 243 1182 320 οὖν,
1218 247 1302 306 ὅτι
1334 247 1367 321 ἡ
1401 249 1504 321 μὲν
1530 254 1643 306 ΒΓ
1665 253 1744 316 εἰς
1776 247 1923 306 ἀπει-

226 363 329 413 ρον
364 338 585 407 αὔξεται
620 338 713 395 διὰ
747 337 848 411 τὴν
880 339 1076 412 τομήν,
1119 336 1194 404 ὡς
1227 338 1503 394 δέδεικται
1536 339 1595 394 ἐν
1627 348 1703 415 τῷ
1739 335 1923 414 ὀγδόῳ

226 428 578 501 θεωρήματι,
626 426 660 500 ἡ
702 426 763 484 δὲ
803 435 943 499 ΒΔ,
987 426 1105 499 ῆτις
1144 427 1296 484 ἐστὶν
1336 424 1371 499 ἡ
1413 424 1786 484 ὑποτείνουσα
1824 426 1928 500 τὴν

227 517 382 583 ἐκτὸς
419 526 522 574 τοῦ
564 515 657 572 διὰ
702 520 803 573 τοῦ
844 517 1047 585 ἄξονος
1085 515 1366 589 τριγώνου
1405 520 1619 587 γωνίαν
1658 516 1929 589 πεπέρασ-

227 629 332 663 ται.
416 605 626 678 ταύτην
680 605 748 678 δὴ
798 609 1225 680 διχοτομοῦντες
1270 604 1407 661 κατὰ
1454 605 1517 662 τὸ
1567 611 1611 661 Ζ
1657 605 1749 661 καὶ
1796 602 1927 677 ἀγα-

225 694 422 766 γόντες
469 693 578 751 ἀπὸ
626 698 729 752 τοῦ
769 703 823 751 Α
868 695 1210 767 τεταγμένως
1255 696 1608 768 κατηγμένην
1650 695 1752 766 τήν
1790 700 1926 765 ΑΗ,

229 782 323 839 διὰ
363 783 427 839 δὲ
465 787 566 840 τοῦ
599 791 644 839 Ζ
683 787 749 858 τῇ
782 790 909 840 ΑΗ
939 783 1300 857 παράλληλον
1340 782 1445 856 τὴν
1477 790 1645 840 ΘΖΚ
1681 783 1774 839 καὶ
1812 803 1929 840 ποι·

226 872 464 943 η’σαντες
501 871 604 944 τὴν
644 879 746 929 ΘΖ
788 876 854 946 τῆ
896 878 1009 928 ΖΚ
1044 880 1192 944 ἴσην,
1234 877 1313 928 ἔτι
1353 873 1543 945 μέντοι
1583 872 1676 928 καὶ
1714 871 1777 929 τὸ
1820 871 1927 930 ἀπὸ

226 967 341 1018 ΘΚ
370 967 496 1018 ἴσον
527 970 602 1038 τῷ
637 959 745 1019 ὑπὸ
782 968 891 1018 AB
904 969 970 1033 Ε,
1006 964 1199 1034 ἕξομεν
1233 963 1337 1034 τὴν
1370 968 1484 1018 ΘΚ
1513 961 1780 1034 δευτέραν
1813 961 1927 1017 διά-

226 1072 445 1123 μετρον.
539 1055 706 1108 τοῦτο
755 1049 862 1125 γὰρ
912 1048 1159 1108 δυνατὸν
1209 1053 1302 1107 διὰ
1342 1050 1405 1108 τὸ
1455 1050 1558 1123 τὴν
1607 1056 1722 1107 ΘΚ
1774 1050 1931 1116 ἐκτὸς

227 1133 406 1196 οὖσαν
453 1143 551 1212 τῆς
595 1144 768 1212 τομῆς
816 1143 894 1207 εἰς
941 1138 1175 1213 ἄπειρον
1216 1141 1585 1212 ἐκβάλλεσθαι
1625 1140 1717 1196 καὶ
1759 1142 1927 1195 δυνα-

224 1227 324 1285 τὸν
373 1226 518 1284 εἶναι
574 1227 681 1285 ἀπὸ
736 1232 835 1301 τῆς
881 1228 1115 1304 ἀπείρου
1168 1233 1504 1302 προτεθείσῃ
1555 1227 1750 1304 εὐθείᾳ
1798 1235 1927 1300 ἴσην

226 1316 471 1390 ἀφελεῖν.
549 1318 612 1374 τὸ
655 1319 717 1374 δὲ
749 1325 794 1374 Ζ
833 1320 1070 1393 κέντρον
1108 1325 1279 1389 καλεῖ,
1319 1317 1422 1390 τὴν
1465 1317 1527 1374 δὲ
1559 1324 1661 1373 ΖΒ
1700 1318 1792 1373 καὶ
1830 1317 1930 1383 τὰς

227 1404 435 1478 ὁμοίως
475 1405 614 1481 αὐτῇ
652 1405 760 1463 ἀπὸ
793 1411 895 1464 τοῦ
929 1414 973 1463 Ζ
1004 1406 1142 1481 πρὸς
1171 1409 1275 1480 τὴν
1314 1407 1493 1480 τομὴν
1526 1406 1838 1479 φερομένας
1870 1408 1929 1462 ἐκ

224 1500 324 1552 τοῦ
363 1495 613 1568 κέντρου.

336 1589 509 1642 ταῦτα
557 1586 658 1658 μὲν
707 1587 794 1642 ἐπὶ
834 1590 934 1658 τῆς
979 1582 1291 1659 ὑπερβολῆς
1337 1585 1429 1641 καὶ
1468 1588 1583 1641 τῶν
1623 1585 1927 1657 ἀντικειμέ-

226 1693 366 1730 νων·
400 1675 491 1730 καὶ
525 1675 798 1749 φανερόν,
832 1673 916 1731 ὅτι
948 1675 1332 1748 πεπερασμένη
1368 1674 1520 1731 ἐστὶν
1554 1674 1782 1747 ἑκατέρα
1815 1676 1927 1730 τῶν

226 1765 565 1836 διαμέτρων,
621 1762 654 1836 ῆ
711 1764 813 1837 μὲν
868 1765 1058 1838 πρώτη
1115 1762 1362 1820 αὐτόθεν
1415 1764 1473 1819 ἐκ
1518 1766 1617 1834 τῆς
1661 1764 1929 1834 γενέσεως

226 1855 322 1924 τῆς
367 1856 561 1924 τομῆς,
609 1851 644 1924 ἡ
693 1853 755 1908 δὲ
803 1856 1055 1926 δευτέρα,
1100 1852 1244 1908 διότι
1292 1853 1429 1924 με’ση
1478 1850 1763 1923 ἀνάλογόν
1811 1854 1926 1908 ἐστι

225 1942 660 2014 πεπερασμένων
708 1939 951 1997 εὐθειῶν
998 1944 1095 2013 τῆς
1137 1964 1194 1997 τε
1234 1940 1454 2014 πρώτης
1493 1941 1796 2013 διαμέτρου
1834 1941 1926 1996 καὶ

224 2033 321 2101 τῆς
368 2027 498 2102 παρ’
550 2027 622 2101 ἣν
664 2029 939 2086 δύνανται
988 2034 1049 2086 αἱ
1084 2030 1459 2102 καταγόμεναι
1500 2027 1582 2086 ἐπ’
1627 2027 1806 2101 αὐτὴν
1844 2052 1926 2085 τε-

224 2120 524 2190 ταγμένως.

338 2207 427 2263 ἐπὶ
476 2207 538 2263 δὲ
584 2211 680 2280 τῆς
728 2211 1023 2276 ἐλλείψεως
1071 2207 1225 2264 οὔπω
1275 2210 1450 2278 δῆλον
1498 2206 1560 2263 τὸ
1603 2206 1924 2278 λεγόμενον.

228 2295 416 2366 ἐπειδὴ
466 2295 572 2368 γὰρ
622 2301 700 2362 εἰς
747 2298 954 2368 ἑαυτὴν
997 2298 1282 2366 συννεύει,
1333 2295 1590 2368 καθάπερ
1633 2294 1661 2352 ὁ
1703 2295 1924 2366 κύκλος,

227 2385 321 2439 καὶ
383 2384 542 2450 ἐντὸς
604 2384 986 2457 ἀπολαμβάνει
1048 2385 1228 2451 πάσας
1288 2384 1385 2449 τὰς
1448 2387 1779 2458 διαμέτρους
1833 2385 1926 2440 καὶ

227 2470 538 2544 ὡρισμένας
593 2471 764 2539 αὐτὰς
815 2473 1198 2545 ἀπεργάζεται·
1255 2471 1393 2529 ὥστε
1450 2472 1519 2528 οὐ
1571 2473 1792 2540 πάντως
1838 2474 1926 2529 ἐπὶ

225 2564 323 2633 τῆς
364 2563 657 2628 ἐλλείψεως
695 2560 729 2632 ῆ
771 2564 909 2634 μέση
946 2561 1233 2632 ἀνάλογον
1264 2565 1377 2617 τῶν
1410 2565 1511 2618 τοῦ
1545 2566 1730 2628 εἴδους
1762 2570 1924 2618 πλευ-

227 2653 343 2721 ρῶν
383 2650 477 2705 καὶ
518 2648 613 2705 διὰ
652 2654 753 2706 τοῦ
793 2651 1030 2724 κέντρου
1069 2654 1166 2721 τῆς
1204 2653 1374 2722 τομῆς
1410 2650 1656 2722 ἀγομένη
1690 2651 1780 2706 καὶ
1813 2649 1921 2706 ὑπὸ

227 2742 325 2809 τῆς
350 2740 652 2810 διαμέτρου
678 2741 1120 2811 διχοτομουμένη
1139 2737 1247 2794 ὑπὸ
1267 2741 1365 2810 τῆς
1381 2751 1552 2810 τομῆς
1569 2742 1924 2812 περατοῦται·

348 2878 391 2918 4.
424 2870 605 2925 ἄξωνος
639 2873 709 2917 W.
842 2877 882 2916 9.
918 2868 1035 2930 ὑπό]
1069 2869 1164 2916 ἀπό
1198 2887 1243 2929 p.
1377 2877 1444 2916 19.
1482 2868 1606 2916 ἐστιν
1641 2872 1714 2916 W.
1853 2876 1924 2918 23.

228 2928 378 2989 οὔπω]
413 2926 564 2975 οὕτωὶ)
690 2937 759 2976 26.
795 2928 873 2989 οὗ]
909 2931 998 2976 del.
1032 2930 1205 2976 Comm.
