2046 3256
631 191 986 234 CONICORUM
1017 191 1196 233 LIBER
1226 193 1302 234 IV.
1734 189 1805 242 59

814 352 1120 406 XXXVIII.

234 456 368 511 Coni
408 457 575 529 sectio
615 456 704 509 uel
743 474 895 509 arcus
933 456 1117 509 circuli
1149 474 1268 509 cum
1302 455 1567 526 oppositis
1599 456 1656 508 in
1687 457 1807 525 plu-

30 554 38 605 j·
121 547 269 600 ribus
308 546 522 615 punctis
561 564 669 598 non
708 546 978 598 concurrit
1018 563 1178 613 quam
1217 544 1271 596 in
1313 547 1582 612 quattuor.

55 703 57 705 Ι
231 634 333 687 hoc
373 637 553 687 autem
591 633 935 686 manifestum
975 636 1056 685 est
1093 632 1240 701 inde,
1287 632 1431 701 quod
1472 651 1591 686 cum
1633 633 1806 685 altera

68 765 71 767 >
123 722 491 791 oppositarum
532 727 850 775 concurrens
883 739 1001 774 cum
1034 721 1242 788 reliqua
1272 720 1329 772 in
1359 720 1605 789 pluribus
1638 739 1805 788 punc-

122 811 192 863 tis
247 828 405 878 quam
450 809 508 861 in
557 809 762 862 duobus
808 827 918 861 non
966 807 1237 861 concurrit
1285 809 1457 875 [prop.
1502 807 1804 874 XXXVII}

840 982 1087 1036 XXXIX.

16 1142 19 1144 ,
233 1085 289 1139 Si
336 1088 454 1140 coni
503 1087 667 1140 sectio
714 1087 801 1139 uel
853 1104 1006 1140 arcus
1046 1086 1230 1139 circuli
1270 1086 1492 1138 alteram
1534 1086 1807 1155 opposita-

22 1176 49 1230 μ’
119 1194 238 1228 rum
277 1175 332 1228 in
371 1177 524 1245 parte
564 1192 801 1227 concaua
840 1175 1121 1243 contingit,
1161 1193 1280 1227 cum
1322 1174 1494 1226 altera
1533 1174 1806 1242 opposita-

1003 1281 1124 1314 rum
1163 1280 1275 1315 non
1315 1265 1608 1315 concurret.

19 1319 23 1371 ζ
1117 1349 1226 1402 sint
1281 1350 1564 1418 oppositae
1622 1353 1697 1419 A,
1735 1353 1805 1419 B,

39 1437 42 1485 1
150 1467 198 1506 p
1005 1440 1059 1489 et
1099 1437 1386 1490 sectionem
1427 1442 1480 1489 A
1527 1437 1806 1508 contingat

20 1536 48 1611 ,p
799 1342 933 1744 ξ
1003 1527 1182 1578 ΓΑΔ.
1245 1525 1377 1593 dieo,
1409 1527 1575 1578 ΓΑΔ
1606 1542 1726 1577 cum
1761 1528 1804 1577 B

1006 1631 1117 1666 non
1156 1630 1486 1667 concurrere.

1117 1701 1185 1754 ab
1237 1706 1290 1753 A
1343 1701 1659 1770 contingens
1716 1701 1806 1753 du-

406 1785 450 1827 Ζ
1005 1792 1157 1841 catur
1217 1791 1398 1844 EAZ.
1508 1807 1569 1841 ea
1636 1789 1805 1859 igitur

1003 1879 1288 1946 utramque
1359 1877 1556 1929 lineam
1626 1877 1682 1929 in
1753 1881 1804 1929 A

124 1965 415 2035 contingit3
456 1983 618 2035 quare
651 1983 771 2018 cum
804 1969 850 2017 Β
882 1983 990 2018 non
1022 1967 1315 2017 concurret.
1378 1981 1506 2034 ergo
1539 1982 1608 2017 ne
1637 1967 1804 2018 ΓΑΔ

122 2053 349 2122 quidem.

910 2139 1031 2208 XL.

232 2242 288 2296 Si
321 2242 442 2296 coni
475 2243 639 2296 sectio
672 2244 758 2296 uel
792 2261 944 2295 arcus
978 2242 1160 2295 circuli
1184 2244 1469 2311 utramque
1496 2242 1801 2311 oppositam

122 2330 178 2383 in
210 2330 436 2400 singulis
468 2330 680 2399 punctis
714 2331 996 2400 contingit,
1031 2330 1088 2383 in
1121 2330 1271 2383 nullo
1306 2329 1411 2383 alio
1444 2333 1645 2398 puncto
1678 2348 1801 2383 cum

8 2422 35 2471 ἑ,
123 2418 383 2487 oppositis
424 2422 714 2472 concurret.

232 2506 341 2557 sint
384 2507 663 2575 oppositae
702 2511 778 2571 A,
811 2510 880 2574 Β,
928 2509 980 2558 et
1021 2506 1142 2559 coni
1182 2507 1345 2559 sectio
1385 2506 1471 2559 uel
1511 2524 1663 2559 arcus
1705 2505 1803 2558 cir-

122 2593 226 2644 culi
266 2596 542 2662 utramque
582 2599 656 2663 A,
687 2597 733 2645 Β
776 2594 1052 2663 contingat
1090 2594 1146 2645 in
1185 2599 1260 2662 A,
1291 2597 1352 2646 Β.
1430 2593 1563 2662 dico,
1603 2594 1801 2645 lineam

12 2746 16 2750 ‚
121 2683 292 2732 ΑΒΓ
320 2681 377 2732 in
416 2681 566 2733 nullo
607 2682 712 2734 alio
752 2684 950 2750 puncto
991 2700 1109 2734 cum
1143 2682 1470 2752 sectionibus
1502 2685 1569 2748 A,
1600 2683 1647 2731 Β
1680 2698 1801 2733 con-

8 2805 23 2844 s·
122 2785 344 2822 currere.
1413 2753 1416 2757 .

234 2856 486 2924 quoniam
532 2856 695 2925 igitur
731 2856 874 2909 linea
913 2859 1084 2909 ΑΒΓ
1114 2857 1404 2910 sectionem
1444 2860 1498 2908 A
1536 2855 1801 2924 contingit

19 2940 24 2978 ἓ
123 2941 283 2994 etiam
325 2960 444 2995 cum
483 2947 529 2995 Β
567 2944 625 2995 in
663 2961 770 2997 uno
809 2946 1008 3013 puncto
1050 2961 1386 3011 concurrenS,
1426 2943 1715 2995 sectionem
1748 2948 1801 2995 A
