2034 3216
258 140 326 192 16
922 139 1200 184 ΚῼΝΙΚῼΝ
1231 137 1295 184 δ’.

256 259 409 323 ἐκτὸς
448 256 1011 330 ἀπολαμβανομένας,
1057 256 1233 324 οὕτως
1271 261 1333 313 αἱ
1371 259 1525 325 ἐντὸς
1563 255 1953 334 ἀπολαμβανό-

257 369 420 419 μεναι
455 350 843 418 διαιρεθῶσιν,
884 345 1024 403 ὥστε
1056 345 1152 413 τὰς
1185 346 1497 419 ὁμολόγους
1526 352 1665 420 πρὸς
1693 352 1769 426 τῷ
1802 347 1952 429 αὐτῷ
2032 384 2034 401 1

257 440 464 511 σημείῳ
507 434 678 508 εἶναι,
728 433 763 507 ἡ
807 436 900 492 διὰ
938 439 1052 493 τῶν
1094 438 1426 509 διαιρέσεων
1472 435 1718 511 ἀγομένη
1759 436 1955 496 εὐθεῖα

257 536 614 596 συμπεσεῖται
647 527 711 598 τῇ
737 527 877 598 τομῇ
909 523 1046 580 κατὰ
1084 524 1188 581 δύο
1215 537 1432 597 σημεῖα,
1471 526 1565 581 καὶ
1604 529 1667 582 αἱ
1702 525 1810 584 ἀπὸ
1840 538 1953 586 τῶν

196 634 221 671 5
256 614 633 687 συμπτώσεων
667 614 755 670 ἐπὶ
787 617 847 670 τὸ
882 615 1033 680 ἐκτὸς
1066 625 1300 686 σημεῖον
1334 612 1608 687 ἀγόμεναι
1640 617 1953 689 ἐφάψονται

252 707 349 776 τῆς
387 706 657 777 γραμμῆς.

270 800 272 802 ’
366 797 505 849 ἔστω
545 792 653 865 γὰρ
701 795 814 849 τῶν
854 794 1279 867 προειρημένων
1322 797 1592 867 γραμμῶν
1630 817 1714 862 τις
1752 793 1786 868 ἡ
1825 804 1953 869 ΑΒ,

252 883 342 939 καὶ
384 881 493 938 ἀπό
533 902 689 947 τινος
729 886 961 954 σημείου
999 885 1102 938 τοῦ
1138 889 1193 937 Δ
1233 882 1562 955 διήχθωσαν
1602 887 1664 940 αἱ
1688 891 1818 958 ΛΕ,
1843 892 1953 942 ΔΖ

252 973 556 1044 τέμνουσαι
603 969 706 1042 τὴν
753 970 1016 1043 γραμμὴν
1062 971 1096 1043 ἡ
1145 971 1249 1043 μὲν
1297 970 1434 1028 κατὰ
1471 971 1538 1029 τὰ
1579 979 1650 1045 Θ,
1685 981 1757 1046 Ε,
1808 973 1843 1048 ἡ
1891 976 1955 1033 δὲ

168 1077 222 1117 10
254 1059 391 1117 κατὰ
423 1059 489 1116 τὰ
525 1067 588 1132 Ζ,
613 1065 689 1129 Η,
730 1061 822 1115 καὶ
856 1057 924 1116 ὃν
958 1060 1061 1131 μὲν
1094 1065 1203 1133 ἔχει
1235 1061 1409 1132 λόγον
1442 1060 1475 1134 ἡ
1512 1070 1567 1118 Δ
1578 1069 1629 1120 Ε
1662 1067 1801 1137 πρὸς
1830 1070 1953 1136 ΘΔ,

252 1152 455 1206 τοῦτον
489 1151 653 1221 ἐχέτω
687 1147 720 1221 ἡ
756 1154 865 1205 ΕΛ
903 1152 1041 1222 πρὸς
1073 1156 1197 1221 ΛΘ,
1239 1148 1306 1206 ὃν
1340 1151 1402 1207 δὲ
1433 1174 1457 1206 v
1502 1159 1557 1207 Δ
1568 1158 1613 1208 Ζ
1644 1151 1783 1227 πρὸς
1815 1160 1953 1224 ΔΗ,

252 1237 287 1310 ἡ
327 1243 441 1294 ΖΚ
474 1237 613 1310 πρὸς
654 1244 791 1294 ΚΗ.
867 1239 1036 1310 λέγω,
1086 1237 1172 1295 ὅτι
1211 1237 1245 1311 ἡ
1286 1237 1397 1296 ἀπὸ
1435 1243 1537 1296 τοῦ
1578 1247 1629 1297 Λ
1670 1243 1756 1298 ἐπὶ
1794 1243 1860 1300 τὸ
1898 1250 1957 1300 Κ

254 1328 686 1399 ἐπιζευγνυμένη
729 1338 1084 1399 συμπεσεῖται
1129 1326 1218 1400 ἐφ’
1264 1328 1496 1403 ἑκάτερα
1541 1333 1608 1403 τῇ
1647 1335 1815 1406 τομῇ,
1860 1332 1954 1389 καὶ

254 1420 316 1472 αἱ
367 1415 473 1472 ἀπὸ
530 1423 641 1472 τῶν
698 1418 1076 1489 συμπτώσεων
1134 1418 1221 1473 ἐπὶ
1274 1417 1337 1474 τὸ
1387 1426 1442 1473 Δ
1496 1420 1951 1494 ἐπιζευγνύμεναι

166 1520 220 1561 15
256 1505 569 1578 ἐφάψονται
610 1509 706 1578 τῆς
744 1508 930 1577 τομῆς.

365 1595 481 1651 ἐπεὶ
530 1593 637 1667 γὰρ
690 1598 753 1649 αἱ
796 1601 930 1667 ΕΔ,
965 1601 1074 1650 ΖΔ
1128 1595 1357 1667 ἑκατέρα
1402 1595 1541 1652 κατὰ
1593 1597 1697 1655 δύο
1753 1611 1953 1672 σημεῖα

251 1685 436 1756 τέμνει
469 1705 576 1755 την
610 1683 807 1755 τομήν,
841 1683 1086 1740 δυνατόν
1121 1685 1272 1740 ἐστιν
1303 1682 1411 1741 ἀπὸ
1436 1690 1537 1743 τοῦ
1562 1694 1618 1742 Δ
1650 1687 1950 1763 διάμετρον

252 1772 485 1845 ἀγαγεῖν
518 1775 616 1844 τῆς
646 1775 837 1844 τομῆς·
880 1771 1020 1828 ὥστε
1050 1773 1143 1828 καὶ
1176 1775 1559 1846 ἐφαπτομένας
1587 1774 1676 1848 ἐφ’
1706 1776 1950 1851 ἑκάτερα.

251 1861 524 1934 ἤχθωσαν
564 1850 947 1933 ἐφαπτόμεναι
986 1864 1048 1917 αἱ
1086 1868 1216 1933 ΔΒ,
1252 1870 1385 1934 ΔΑ,
1434 1864 1526 1919 καὶ
1567 1866 1950 1938 ἐπιζευχθεῖσα

162 1949 285 2023 2οἡ
327 1958 463 2022 ΒΑ,
505 1954 555 2006 εἰ
594 1949 865 2018 δυνατόν,
906 1949 980 2022 μὴ
1023 1952 1271 2023 ἐρχέσθω
1314 1952 1408 2008 διὰ
1446 1957 1560 2009 τῶν
1599 1960 1669 2025 Λ,
1703 1960 1782 2026 Κ,
1823 1953 1945 2011 ἀλλ’

250 2041 375 2111 ἤτοι
418 2038 512 2095 διὰ
551 2048 652 2096 τοῦ
694 2040 888 2111 ἑτέρου
929 2037 1116 2096 αὐτῶν
1155 2040 1189 2112 ἢ
1233 2039 1305 2096 δι’
1345 2042 1657 2115 οὐδετέρου.

364 2130 613 2202 ἐρχέσθω
663 2128 937 2202 πρότερον
990 2128 1084 2184 διὰ
1125 2129 1308 2201 μόνου
1346 2134 1450 2186 τοῦ
1488 2137 1540 2186 A
1579 2132 1672 2187 καὶ
1709 2135 1947 2205 τεμνέτω

249 2218 353 2290 τὴν
389 2222 501 2272 ΖΗ
537 2216 677 2273 κατὰ
717 2218 779 2273 τὸ
813 2223 891 2272 Μ
956 2221 1107 2273 ἔστιν
1148 2216 1274 2289 ἄρα,
1317 2216 1390 2284 ὡς
1421 2217 1455 2290 ἡ
1491 2225 1602 2274 ΖΔ
1639 2219 1778 2293 πρὸς
1809 2227 1947 2293 ΔΗ,

250 2306 284 2378 ἡ
328 2312 456 2361 ΖΜ
494 2304 633 2377 πρὸς
674 2311 829 2360 ΜΗ·
886 2303 1020 2376 ὅπερ
1061 2305 1293 2362 ἄτοπον·
1349 2305 1638 2365 ὑπόκειται
1683 2309 1817 2382 γάρ,
1874 2309 1949 2376 ὡς

162 2393 284 2467 25η
327 2401 435 2450 ΖΛ
474 2394 614 2466 πρὸς
652 2401 789 2465 ΔΗ,
829 2392 863 2466 ἡ
907 2401 1017 2450 ΖΚ
1053 2396 1193 2468 πρὸς
1231 2402 1364 2453 ΚΗ.

363 2482 461 2539 ἐὰν
518 2482 579 2538 δὲ
631 2481 665 2554 ἡ
722 2489 832 2538 ΒΑ
887 2484 1027 2555 μηδὲ
1083 2482 1157 2539 δι’
1210 2485 1400 2556 ἑτέρου
1455 2489 1568 2542 τῶν
1623 2493 1699 2558 Λ,
1740 2493 1797 2542 Κ
1847 2507 1947 2544 πο-

251 2573 501 2646 ρεύηται,
551 2570 636 2642 ἐφ’
687 2571 944 2641 ἑκατέρας
988 2575 1103 2628 τῶν
1153 2579 1289 2644 ΔΕ,
1335 2580 1446 2628 ΔΖ
1496 2575 1837 2648 συμβήσεται
1882 2574 1944 2632 τὸ

251 2681 476 2717 ατοπον.
1078 2682 1080 2684 ’

371 2889 408 2928 6.
443 2883 679 2942 γραμμῆς]
707 2896 745 2940 e,
779 2897 892 2930 corr.
919 2897 976 2928 ex
1001 2884 1144 2941 τομῆς
1168 2899 1227 2929 m.
1257 2889 1278 2928 l
1305 2883 1362 2930 V.
1487 2890 1554 2931 12.
1589 2886 1658 2944 K]
1685 2901 1729 2943 p,
1762 2887 1853 2930 KE
1884 2885 1942 2931 V.

310 2947 380 2986 26.
414 2943 473 3001 Α]
509 2958 556 3000 p,
586 2946 622 2986 A
657 2943 709 2988 V.
834 2947 905 2988 27.
939 2945 1046 2999 ΔΕ,
1073 2942 1180 3001 ΔΖ]
1214 2958 1266 3001 p;
1301 2947 1405 3001 ΔΕ,
1432 2947 1516 2988 ΕΖ
1547 2945 1603 2990 V.
