2034 3216
211 118 288 172 40
880 119 1285 165 ;ΚΩΝῙΚΩΝ’ὃἏ·
1997 0 2029 213 a

213 236 389 308 λόγον
429 235 464 309 ἡ
504 244 618 293 ΑΛ
657 237 797 312 πρὸς
827 245 954 310 ΛΒ,
995 240 1160 311 ἐχέτω
1201 236 1236 310 ἡ
1270 244 1381 294 ΑΟ
1411 237 1551 310 πρὸς
1591 244 1713 309 ΟΒ,
1753 234 1821 294 ὃν
1853 238 1916 294 δὲ

214 338 325 405 ἔχει
371 333 545 405 λόγον
594 332 628 406 ἡ
669 340 787 390 AA
824 334 965 407 πρὸς
1002 340 1127 406 ΛΓ,
1175 333 1338 406 ἐχέτω
1379 332 1414 406 ἡ
1454 341 1583 413 ΔΠ
1613 333 1753 407 πρὸς
1790 338 1916 391 ΠΓ.
2020 325 2034 389 ἶ

214 452 250 501 η
300 432 408 503 ἄρα
456 428 565 486 ἀπὸ
614 434 718 487 τοῦ
757 438 820 486 Π
861 431 948 487 ἐπὶ
994 430 1056 486 τὸ
1101 436 1148 485 Ο
1195 432 1624 503 ἐπιζευγνυμένη
1665 433 1920 502 ἐκβαλλο-
2026 409 2034 528 ξ

216 525 357 597 μένη
415 525 504 598 ἐφ’
550 526 778 599 ἑκάτερα
827 539 1187 599 συμπεσεῖται
1232 530 1297 600 τῇ
1343 530 1512 600 τομῇ,
1567 527 1660 582 καὶ
1706 529 1769 582 αἱ
1810 523 1919 582 ἀπὸ

157 635 184 674 5
218 625 330 678 τῶν
381 623 756 695 συμπτώσεων
796 624 882 680 ἐπὶ
922 621 984 678 τὸ
1026 629 1077 678 A
1118 622 1569 694 ἐπιζευγνύμεναι
1608 622 1922 695 ἐφάψονται

216 727 332 774 τῶν
380 722 580 790 τομῶν.
660 719 1009 791 συμπιπτέτω
1052 719 1122 790 δὴ
1169 720 1309 775 κατὰ
1349 718 1417 774 τὰ
1456 725 1521 790 Θ,
1549 726 1618 790 Ρ,
1663 719 1756 775 καὶ
1803 720 1921 775 ἐπε·
2032 718 2034 791 ἶ

220 813 546 886 ζεύχθωσαν
572 818 634 870 αἱ
655 821 773 886 ΘΛ,
791 822 843 871 A
852 821 919 870 P·
954 815 1269 886 ἐφάψονται
1294 814 1363 886 δὴ
1389 807 1566 871 αὗται.
1620 814 1654 887 ἡ
1679 815 1788 888 ἄρα
1813 821 1923 870 ΕΛ

217 910 404 982 τέμνει
445 912 710 984 ἑκατέραν
749 911 942 984 τομήν,
983 913 1202 983 ἐπείπερ
1241 910 1443 983 μεταξὺ
1479 915 1592 967 τῶν
1623 918 1686 983 Β,
1711 916 1765 967 Γ
1789 911 1922 983 σύμ-

217 1023 426 1072 πτωσις
473 1005 576 1062 οὐκ
624 1012 751 1063 ἔστι.
828 1007 1068 1079 τεμνέτω
1108 1009 1246 1063 κατὰ
1287 1006 1353 1063 τὰ
1387 1014 1469 1079 M,
1493 1013 1573 1062 H·
1621 1013 1774 1065 ἔσται
1814 1006 1925 1078 ἄρα

133 1117 189 1157 10
223 1101 318 1158 διὰ
357 1102 461 1174 μὲν
499 1104 604 1175 τὴν
638 1104 832 1176 ἑτέραν
863 1103 1059 1175 τομήν,
1100 1101 1173 1169 ὡς
1205 1102 1239 1175 ἡ
1271 1110 1382 1159 ΕΛ
1413 1104 1552 1176 πρὸς
1583 1109 1718 1175 ΛΗ,
1749 1101 1784 1175 ἡ
1817 1108 1933 1158 ΕΝ

217 1198 357 1271 πρὸς
404 1205 554 1269 ΝΗ,
603 1200 696 1254 διὰ
748 1198 811 1254 δὲ
855 1198 957 1270 τὴν
1006 1201 1219 1271 ἑτέραν,
1269 1197 1344 1264 ὥς
1389 1197 1422 1271 ἡ
1465 1205 1574 1255 ΕΛ
1605 1203 1743 1270 πρὸς
1780 1204 1924 1270 AM,

219 1292 254 1365 ἡ
297 1300 421 1349 ΕΝ
460 1293 598 1368 πρὸς
636 1300 782 1350 ΝΜ.
861 1304 1027 1351 τοῦτο
1078 1296 1139 1351 δὲ
1185 1294 1491 1352 ἀδύνατον·
1539 1293 1680 1351 ὥστε
1725 1295 1816 1350 καὶ
1862 1299 1927 1350 τὸ

221 1391 276 1456 ἐξ
316 1390 501 1463 ἀρχῆς.

336 1486 435 1542 ἐὰν
477 1486 539 1542 δὲ
578 1490 641 1542 αἱ
677 1493 805 1559 ΑΒ,
830 1493 947 1543 ΔΓ
978 1488 1327 1560 παράλληλοι
1366 1481 1524 1558 ὦσιν,
1564 1491 1787 1544 ἔσονται
1824 1487 1926 1559 μὲν

132 1599 187 1638 15
222 1585 283 1637 αἱ
318 1583 484 1654 τομαὶ
516 1585 784 1651 ἐλλείψεις
815 1580 850 1649 ἢ
881 1583 1093 1640 κύκλου
1123 1586 1460 1656 περιφέρεια.
1523 1582 1928 1656 τετμήσθωσαν

223 1681 286 1733 αἱ
315 1685 443 1750 ΑΒ,
477 1684 581 1735 ΓΔ
621 1685 749 1752 δίχα
787 1679 926 1737 κατὰ
966 1679 1035 1737 τὰ
1071 1687 1135 1752 Ο,
1161 1688 1235 1751 Π,
1275 1681 1367 1736 καὶ
1406 1679 1716 1752 ἐπεζεύχθω
1747 1679 1782 1752 ἡ
1813 1685 1929 1735 ΠΟ

221 1776 316 1830 καὶ
379 1776 739 1849 ἐκβεβλήσθω
803 1775 893 1849 ἐφ’
945 1778 1198 1850 ἑκάτερα·
1262 1788 1619 1848 συμπεσεῖται
1681 1775 1751 1848 δὴ
1807 1787 1929 1842 ταῖς

221 1884 431 1945 τομαῖς.
533 1876 882 1946 συμπιπτέτω
938 1874 1008 1946 δὴ
1063 1873 1202 1929 κατὰ
1255 1872 1322 1928 τὰ
1380 1879 1451 1944 Θ,
1492 1878 1548 1928 Ρ.
1647 1876 1801 1928 ἔσται
1856 1871 1927 1944 δὴ

226 1970 519 2042 διάμετρος
557 1973 673 2025 τῶν
711 1979 900 2042 τομῶν
939 1969 973 2042 ἡ
1009 1976 1124 2042 ΘΡ,
1163 1971 1505 2042 τεταγμένως
1544 1969 1605 2025 δὲ
1638 1967 1721 2025 ἐπ’
1751 1965 1928 2039 αὐτὴν

137 2080 195 2120 20
226 2068 566 2138 κατηγμέναι
614 2069 676 2121 αἱ
711 2073 839 2137 ΑΒ,
871 2071 925 2121 Γ
920 2074 988 2122 A.
1066 2067 1226 2138 ἤχθω
1276 2064 1345 2137 δὴ
1393 2064 1502 2121 ἀπὸ
1548 2068 1650 2121 τοῦ
1690 2071 1744 2120 Ε
1778 2065 1927 2137 παρὰ

227 2162 325 2229 τὰς
363 2169 492 2235 ΑΒ,
518 2168 622 2218 ΓΔ
663 2161 698 2235 ἡ
737 2168 1014 2218 ΕΝΜΗ·
1053 2174 1209 2234 τεμεῖ
1244 2162 1353 2235 ἄρα
1393 2160 1427 2233 ἡ
1467 2165 1666 2217 ΕΜΗ
1694 2160 1798 2232 τὴν
1831 2166 1939 2215 ΘΡ

223 2260 318 2315 καὶ
352 2260 617 2333 ἑκατέραν
647 2263 761 2315 τῶν
785 2263 1074 2333 γραμμῶν,
1115 2260 1258 2315 διότι
1289 2259 1448 2331 ἑτέρα
1480 2259 1795 2329 σύμπτωσις
1828 2255 1931 2312 οὐκ

227 2359 340 2411 ἐστι
388 2355 538 2428 παρὰ
583 2358 681 2421 τὰς
726 2364 803 2426 Α,
835 2362 911 2427 Β,
944 2361 1007 2426 Γ,
1041 2363 1111 2411 A.
1197 2359 1347 2411 ἔσται
1396 2353 1464 2425 δὴ
1513 2352 1606 2409 διὰ
1650 2355 1822 2409 ταῦτα
1869 2353 1931 2408 ἐν

229 2450 332 2521 μὲν
372 2460 437 2524 τῇ
479 2453 638 2526 ἑτέρᾳ
675 2455 814 2525 τομῇ
855 2452 889 2523 ἡ
923 2458 1066 2507 ΝΜ
1089 2459 1180 2523 ἴση
1212 2454 1280 2525 τῇ
1312 2456 1445 2522 ΕΝ,
1486 2453 1546 2506 ἐν
1579 2450 1642 2506 δὲ
1671 2452 1738 2522 τῇ
1771 2449 1930 2523 ἑτέρᾳ

140 2544 264 2618 25ἡ
306 2553 425 2602 ΝΕ
466 2551 532 2620 τῇ
573 2553 704 2602 ΝΗ
745 2554 862 2618 ἴση·
917 2546 1057 2603 ὥστε
1102 2547 1195 2602 καὶ
1242 2544 1276 2616 ἡ
1317 2551 1458 2600 ΝΜ
1497 2549 1563 2618 τῇ
1602 2550 1736 2600 ΝΗ
1780 2546 1929 2600 ἐστιν

229 2650 345 2713 ἴση·
388 2641 522 2716 ὅπερ
563 2641 860 2699 ἀδύνατον.

2030 545 2034 619 Ξ

350 2864 391 2903 2.
426 2859 537 2916 ΔΛ]
573 2874 618 2915 p,
651 2861 748 2902 ΔΓ
773 2856 829 2902 V.
988 2860 1058 2903 15.
1091 2854 1394 2913 περιφέρεια]
1427 2870 1510 2911 pv,
1545 2854 1842 2911 περιφερειάι
1873 2852 1930 2897 V.

295 2922 363 2962 16.
399 2918 502 2975 ΓΔ]
538 2931 659 2975 opv,
694 2920 738 2961 Γ
765 2929 900 2961 euan.
933 2915 989 2959 V.
1113 2919 1182 2958 23.
1219 2914 1280 2972 Δ]
1315 2920 1370 2971 Δ,
1397 2917 1438 2958 Ε
1468 2929 1512 2971 p.
