2020 3236
263 118 376 174 312
741 120 1183 163 COMMENTARIA
1211 121 1493 173 ANTIQUA.

263 235 403 311 πρὸς
448 235 511 294 τὸ
552 240 770 310 τρίτον,
817 240 879 293 τὸ
921 238 1187 309 δεύτερον
1224 235 1364 309 πρὸς
1401 235 1466 294 τὸ
1495 237 1795 311 τέταρτον,
1838 245 1966 295 ἴσον

265 330 419 382 ἔσται
464 323 527 381 τὸ
574 324 679 397 μὲν
725 328 949 399 πρῶτον
996 334 1073 405 τῷ
1120 329 1313 401 τρίτῳ,
1362 323 1425 382 τὸ
1475 325 1537 382 δὲ
1585 327 1850 400 δεύτερον
1887 330 1966 404 τῷ

263 413 523 490 τετάρτῳ.
608 412 854 470 δυνατὸν
909 412 1015 485 γὰρ
1072 414 1160 470 ἐπὶ
1214 413 1403 470 ἄλλων
1454 416 1622 470 τοῦτο
1670 416 1967 487 δειχθῆναι

266 502 362 559 διὰ
400 500 464 560 τὸ
504 506 791 575 δεδεῖχθαι
831 504 892 559 ἐν
929 506 1005 579 τῷ
1045 501 1129 558 κε’
1167 502 1490 575 θεωρήματι
1527 505 1630 559 τοῦ
1660 502 1711 559 ε’
1743 506 1969 575 βιβλίου

207 606 235 645 5
265 593 365 663 τῆς
395 588 711 648 Εὐκλείδου
751 591 1168 663 στοιχειωσεως·
1209 591 1308 647 ἐὰν
1342 595 1376 647 δ
1422 592 1633 664 μεγέθη
1681 589 1968 664 ἀνάλογον

264 672 322 754 ᾖ,
353 681 416 736 τὸ
449 683 672 751 πρῶτον
703 681 797 737 καὶ
827 684 889 737 τὸ
921 681 1184 754 τέταρτον
1217 679 1321 736 δύο
1353 684 1468 737 τῶν
1500 683 1713 737 λοιπῶν
1743 685 1967 753 μείζονα

266 772 433 823 ἔσται.
750 787 754 789 ·

390 936 428 975 1.
463 933 640 992 τρίτον]
673 935 703 990 ἤ
733 947 780 990 p,
812 928 909 977 ἀπὸ
940 936 971 988 ’Ῠ
1001 932 1077 977 W.
1207 927 1454 991 δεύτερον]
1488 920 1521 990 ῥ’
1546 931 1662 990 Wp.
1806 928 1968 990 τέταρ-

266 1005 370 1064 τον]
401 994 433 1051 ἶῖ
462 1020 508 1064 Ρ.
654 1012 694 1051 2.
730 1004 807 1066 τό]
822 1022 886 1094 ΛΡ,
917 1007 981 1067 τῷ
1013 1005 1088 1053 W.
1240 1006 1449 1065 πρῶτον]
1484 994 1515 1049 δι’
1546 1006 1662 1064 Wp.
1807 1005 1970 1066 τρίτῳ]

267 1081 297 1151 ἢ
320 1093 435 1151 Wp.
538 1094 788 1155 δεύτερον]
823 1098 852 1156 β
882 1095 995 1152 Wp.
1100 1099 1141 1139 3.
1174 1091 1401 1155 τετάρτῳ]
1427 1090 1491 1140 6—oe
1514 1096 1630 1152 Wp‚
1657 1108 1772 1162 c—orr.
1791 1094 1968 1141 Comm.

327 1165 439 1227 γάρ]
474 1168 527 1213 δέ
551 1169 734 1227 Halley.
852 1175 893 1216 6.
925 1169 1132 1229 πρῶτον]
1165 1172 1198 1214 ἆ
1228 1184 1273 1227 Ρ.
1394 1167 1638 1228 τέταρτον]
1671 1170 1701 1213 δ
1730 1183 1776 1226 Ρ.
1868 1168 1968 1226 μεί-

267 1227 404 1287 ζονα]
437 1229 606 1286 μείζων
638 1229 713 1287 W,
746 1232 904 1287 μεῖζον
936 1244 982 1287 p,
1015 1242 1131 1274 corr.
1163 1229 1347 1286 Halley.
