2020 3236
403 170 652 212 EUTOCII
683 169 1119 212 COMMENTARIA
1148 169 1214 211 IN
1245 168 1482 211 CONICA.
1670 166 1775 218 297

100 289 320 342 sitiones
365 289 692 358 perscriptae
732 288 1158 356 reperiebantur,
1206 305 1340 356 quae
1379 290 1440 340 ut
1481 286 1779 354 superfluae

98 397 131 431 a
174 377 334 430 nobis
382 379 622 429 remotae
670 380 816 446 sunt3
864 395 989 429 nam
1028 376 1131 429 hoc
1171 375 1560 444 demonstrato,
1607 393 1781 444 asym-

97 468 280 534 ptotas
315 465 381 518 ad
416 465 710 519 sectionem
739 465 960 534 propius
995 464 1248 518 adcedere
1281 467 1335 516 et
1368 464 1434 516 ad
1467 464 1780 516 distantiam

32 589 50 605 η
102 555 249 607 omni
303 554 428 606 data
482 554 738 606 distantia
792 553 1055 607 minorem
1103 553 1403 622 peruenire,
1459 551 1782 620 superfluum

101 645 217 695 erat
247 642 381 696 haec
406 660 674 712 quaerere.
736 642 941 695 scilicet
963 659 1028 694 ne
1055 641 1540 694 demonstrationes
1567 640 1782 709 quidem

99 730 324 799 habent,
364 730 456 782 sed
497 730 825 782 differentias
865 730 1174 799 figurarum.
1246 728 1338 781 sed
1376 731 1437 780 ut
1476 728 1804 797 legentibus>

101 819 275 871 lucem
337 818 536 871 claram
598 818 905 882 reddamus,
965 818 1053 870 hic
1115 818 1467 885 collocentur,
1530 834 1665 885 quae
1724 819 1786 867 ut

104 906 372 975 superflua
411 909 618 958 remota
657 908 795 958 sunt.

215 993 273 1048 Si
313 1012 448 1063 quae
489 996 826 1063 asymptotae
867 995 991 1046 sunt
1031 993 1280 1046 sectionis
1313 993 1450 1045 aliae
1481 995 1641 1061 atque
1678 1010 1787 1060 eae,

0 1082 3 1106 ¹
105 1101 239 1152 quas
276 1083 503 1135 diximus
537 1101 716 1152 supra,
754 1082 872 1151 hae,
911 1099 1044 1151 quas
1079 1100 1241 1150 supra
1273 1081 1520 1146 diximuS,
1560 1080 1787 1133 sectioni

0 1188 2 1223 ε
102 1171 380 1240 propiores
421 1173 558 1223 sunt.

217 1258 288 1310 sit
340 1258 662 1328 hyperbola,
717 1259 864 1311 cuius
921 1260 1259 1327 asymptotae
1316 1257 1425 1309 sint
1474 1259 1599 1325 ΓΑ,
1654 1260 1788 1309 ΑΛ.

105 1347 248 1416 dieo,
294 1347 340 1399 si
382 1366 518 1417 quae
558 1350 895 1417 asymptotae
936 1347 1043 1399 sint
1083 1345 1355 1414 sectioniS,
1397 1347 1525 1413 ΓΑ,
1565 1349 1682 1397 ΑΛ
1721 1345 1787 1396 iis

105 1435 384 1504 propiores
424 1453 554 1488 esse.

216 1523 324 1576 iam
364 1527 427 1576 ut
464 1523 520 1575 in
560 1524 736 1592 prima
773 1523 948 1592 figura
986 1526 1104 1590 EZ,
1144 1524 1264 1573 ΖΗ
1296 1523 1631 1590 asymptotas
1673 1538 1788 1572 esse

106 1629 216 1664 non
253 1629 427 1680 posse,
466 1611 827 1680 manifestum,
865 1612 943 1663 ita
983 1610 1198 1679 scilicet,
1237 1612 1298 1661 ut
1329 1612 1432 1661 EZ
1471 1611 1650 1660 rectae
1682 1610 1790 1660 ΓΑ

106 1700 369 1768 parallela
423 1701 513 1768 sit,
569 1703 688 1752 ZH
733 1702 915 1752 autem
969 1702 1143 1751 rectae
1199 1702 1252 1750 A
1263 1702 1337 1766 A3
1394 1715 1521 1749 nam
1576 1696 1790 1748 demon-

107 1790 340 1841 stratum
380 1793 463 1841 est
496 1790 667 1858 [prop.
693 1787 868 1855 XIII],
909 1806 997 1840 eas
1031 1805 1152 1840 cum
1187 1786 1422 1839 sectione
1456 1801 1792 1852 concurrere3

111 1879 235 1929 sunt
283 1877 425 1929 enim
465 1877 522 1929 in
561 1877 738 1946 spatio
777 1876 1011 1945 positae,
1058 1875 1200 1944 quod
1241 1873 1560 1943 asymptotis
1601 1872 1792 1925 sectio-

108 1982 279 2033 neque
319 1966 635 2018 continetur.

229 2607 333 2675 sin,
387 2609 447 2658 ut
500 2607 558 2657 in
613 2604 844 2658 secundo
902 2607 1028 2656 sunt
1081 2622 1229 2673 casu,
1284 2606 1622 2672 asymptotae
1672 2606 1797 2655 sunt

116 2691 235 2761 ΕΖ,
275 2696 395 2744 ΖΗ
422 2693 580 2745 rectis
612 2694 733 2759 ΓΑ,
772 2695 888 2743 ΑΔ
918 2693 1221 2761 parallelae,
1261 2693 1382 2759 ΓΑ,
1422 2695 1537 2741 ΑΔ
1571 2690 1797 2742 sectioni

116 2781 395 2848 propiores
437 2783 564 2833 sunt
602 2798 762 2848 quam
801 2782 925 2847 EZ,
965 2782 1088 2831 ZH.

234 2881 286 2924 In
316 2882 392 2937 fig.
426 2885 452 2923 2
494 2883 537 2922 Γ
579 2892 668 2922 om.
700 2878 782 2933 W,
832 2881 873 2920 E
910 2878 960 2922 in
998 2893 1087 2923 ras.
1121 2879 1249 2932 hab.;
1289 2878 1461 2934 figuras
1501 2875 1676 2933 primas
1715 2891 1797 2919 nu-

121 2939 261 2984 meris
293 2937 357 2983 α”
386 2938 448 2997 β”
474 2935 539 2995 γ”
564 2934 624 2981 δ”
658 2939 794 2981 notat
824 2936 897 2982 W.
