2046 3224
237 129 343 176 LVI
858 131 1323 176 PROLEGOMENA.

346 248 518 294 deinde
535 248 729 294 lacunas
747 247 795 293 in
813 248 856 294 V
871 262 965 294 non
983 247 1270 306 significatas
1287 261 1428 307 saepe
1451 250 1578 296 recte
1601 249 1941 298 animaduertit

240 319 290 362 et
331 316 393 361 ad
431 330 619 362 sensum
666 316 794 360 haud
832 316 957 361 male
997 315 1226 374 expleuit,
1272 316 1511 362 interdum
1549 318 1709 363 autem
1752 319 1940 365 notauit

240 384 430 428 tantum
461 384 499 441 (I
530 398 577 440 p.
613 387 711 439 110,
747 384 843 441 13),
881 383 1119 428 interdum
1152 382 1531 440 supplementum
1562 383 1825 442 incohauit,
1858 386 1938 432 sed

245 450 308 494 ad
339 451 480 495 finem
512 451 767 508 perducere
798 463 893 495 non
923 451 1079 508 potuit
1110 450 1149 507 (I
1179 465 1225 507 p.
1259 454 1360 506 170,
1394 452 1462 508 2);
1509 451 1531 495 I
1562 467 1607 509 p.
1639 455 1742 508 362,
1773 456 1830 499 26
1869 452 1937 499 la-

245 530 416 562 cunam
455 518 564 574 post
601 519 684 574 τῆς
714 518 861 576 τομῆς
898 517 1019 562 falso
1057 516 1268 574 notauit,
1318 531 1423 562 cum
1462 518 1679 564 debuerit
1715 521 1828 565 ante
1858 519 1941 576 τῆς

241 584 407 642 τομῆς;
454 584 476 627 I
507 599 552 642 p.
587 589 690 641 344,
721 589 778 629 20
815 583 916 629 sine
949 597 1093 629 causa
1123 585 1341 629 lacunam
1374 583 1563 642 statuit,
1602 585 1715 642 quia
1743 600 1839 632 non
1869 585 1937 631 iu-

241 651 450 707 tellexit,
499 652 558 696 ad
606 650 694 709 μέν
737 651 1019 708 respondere
1066 653 1153 695 καί
1193 652 1275 696 lin.
1308 656 1379 696 21.
1449 651 1665 697 similiter
1701 651 1939 698 interdum

244 731 449 763 errorem
491 718 683 763 subesse
722 719 850 763 recte
889 718 1054 774 sensit,
1094 718 1177 762 sed
1217 720 1299 762 aut
1329 719 1548 763 lacunam
1578 718 1791 776 reliquit,
1829 718 1946 776 quia

242 785 620 831 emendationem
660 786 865 843 reperire
904 799 998 830 non
1036 786 1197 842 posset
1236 785 1275 843 (I
1305 800 1351 842 p.
1385 789 1486 842 296,
1522 790 1568 842 1;
1610 787 1712 842 358,
1744 789 1812 842 3),
1859 787 1943 831 aut

240 852 293 897 in
326 851 618 898 emendando
659 852 834 897 errauit
864 852 910 910 (I
940 867 988 910 p.
1021 856 1121 908 298,
1155 857 1203 908 93
1245 857 1346 908 352,
1380 854 1477 910 25);
1525 853 1568 896 II
1599 868 1643 910 p.
1675 857 1749 910 62,
1782 858 1808 898 9
1846 850 1944 911 pri-

241 934 374 964 mum
398 923 481 963 AB
507 919 708 977 scripsit,
742 918 865 964 sicut
887 919 939 963 in
963 918 1006 962 V
1030 920 1116 976 est,
1142 918 1313 963 deinde
1338 932 1542 965 errorem
1564 919 1688 965 uidit
1711 920 1761 964 et
1784 933 1943 965 emen·
2023 974 2026 977 ¹

239 985 376 1031 dauit
405 987 460 1044 (A
473 987 598 1044 ΓΒ).

366 1067 472 1099 cum
521 1053 595 1098 his
642 1052 760 1098 locis
808 1053 1113 1111 interpolatio
1162 1052 1424 1098 certissima
1471 1053 1555 1110 sit,
1602 1051 1812 1098 dubitari
1849 1066 1942 1098 non

247 1122 423 1179 potest,
458 1119 573 1177 quin
605 1119 950 1177 discrepantiae
982 1119 1240 1177 grauiores,
1274 1120 1442 1176 quibus
1471 1134 1569 1165 non
1598 1120 1741 1166 modo
1766 1133 1946 1166 errores

249 1189 579 1243 emendantur,
628 1186 711 1232 sed
750 1186 894 1232 etiam
935 1186 1094 1232 omnia
1133 1186 1325 1232 insolita
1369 1189 1416 1232 et
1454 1187 1756 1243 exquisitiora
1795 1188 1946 1246 (uelut

246 1255 549 1314 συνημμένον
588 1254 610 1298 Ι
641 1270 687 1312 p.
720 1258 821 1310 342,
855 1259 903 1310 3,
951 1267 1037 1310 pro
1077 1268 1169 1310 quo
1209 1252 1422 1298 restituit
1461 1254 1654 1299 solitum
1683 1253 1802 1300 illud
1834 1270 1949 1314 συγ-

245 1325 489 1381 κείμενον;
532 1321 616 1365 sed
649 1321 730 1366 cfr.
763 1320 785 1364 I
815 1335 860 1378 p.
895 1325 996 1376 346,
1030 1323 1075 1376 3)
1112 1320 1436 1378 eliminantur,
1474 1319 1831 1378 interpolationi
1861 1323 1945 1368 tri-

244 1391 460 1436 buendae
494 1388 600 1434 sint.
665 1389 745 1443 qui
778 1401 856 1432 eas
887 1387 1266 1444 perlustrauerit,
1299 1388 1546 1445 concedet,
1584 1387 1832 1433 librarium
1861 1403 1944 1435 no·

246 1462 397 1503 strum
434 1455 712 1514 plerumque
751 1455 879 1499 recte
925 1454 1237 1509 intellexisse,
1284 1454 1341 1499 de
1381 1469 1475 1510 qua
1515 1467 1565 1499 re
1608 1457 1848 1514 ageretur,
1895 1458 1945 1501 et

247 1523 476 1571 sermonis
506 1522 948 1567 mathematicorum
981 1521 1265 1566 Graecorum
1295 1521 1632 1578 peritissimum
1663 1521 1827 1579 fuisse3
1861 1524 1946 1568 sed

245 1592 387 1637 simul
410 1588 679 1648 perspiciet,
712 1602 770 1632 ex
799 1603 830 1645 p
863 1587 925 1632 ad
948 1587 1095 1632 uerba
1116 1587 1360 1645 Apollonii
1384 1587 1680 1633 emendanda
1701 1588 1822 1634 nihil
1844 1590 1946 1647 peti

243 1672 398 1718 posse,
422 1657 516 1702 nisi
540 1655 666 1713 quod
694 1654 914 1700 librarius
939 1669 1025 1699 sua
1048 1653 1320 1699 coniectura
1344 1654 1510 1700 effecit.
1550 1654 1631 1711 qui
1653 1655 1736 1700 ubi
1758 1655 1947 1713 uixerit,

243 1727 413 1785 postea
444 1723 725 1769 uidebimus.

58 1805 151 1840 Uat.
175 1805 241 1838 206
372 1792 563 1837 Summa
591 1789 738 1848 igitur
767 1788 906 1833 huius
940 1787 1274 1845 disputationis
1306 1802 1362 1833 ea
1394 1790 1488 1845 est,
1527 1789 1674 1834 uerba
1701 1788 1946 1848 Apollonii

245 1861 307 1907 ad
329 1860 372 1905 V
398 1858 551 1904 solum
574 1855 869 1902 restituenda
901 1868 1023 1911 esse3
1055 1869 1195 1911 quem
1231 1855 1442 1900 codicem
1464 1855 1624 1914 potius
1648 1857 1835 1903 saeculo
1855 1857 1943 1902 XII

247 1941 389 1985 quam
416 1925 525 1970 XIII
557 1924 801 1969 tribuerim
835 1923 894 1968 ob
918 1935 1065 1980 genus
1089 1922 1347 1979 scripturae
1371 1936 1571 1980 magnae
1595 1924 1644 1969 et
1664 1923 1943 1983 inaequalis,

246 2008 367 2051 quae
408 1991 649 2037 codicibus
688 1988 1056 2035 membranaceis
1095 1988 1273 2034 saeculi
1311 1990 1397 2034 XII
1441 1990 1592 2034 multo
1633 1989 1833 2037 similior
1871 1995 1948 2038 est

245 2074 386 2117 quam
426 2058 720 2115 bombycinis
760 2056 946 2102 saeculo
977 2055 1086 2099 XIII
1123 2055 1327 2101 usitatis.
1402 2056 1486 2101 sed
1524 2071 1808 2114 quamquam
1845 2073 1942 2105 non

243 2125 598 2172 uetustissimus
632 2128 714 2182 est,
749 2123 959 2170 codicem
989 2121 1376 2179 uetustissimum,
1409 2123 1606 2169 fortasse
1639 2124 1815 2171 saeculi
1837 2124 1939 2184 VII,

243 2194 417 2239 litteris
448 2192 712 2238 uncialibus
745 2191 971 2248 scriptum
1003 2191 1052 2235 et
1083 2189 1374 2247 compendiis
1405 2190 1638 2248 repletum
1668 2205 1939 2249 repraesen-

245 2265 348 2307 tare
378 2260 617 2318 putandus
649 2259 736 2314 est,
768 2263 822 2303 ut
851 2259 1085 2302 testantur
1107 2255 1160 2300 hi
1184 2270 1382 2301 errores:
1415 2258 1435 2300 Ι
1458 2271 1502 2313 p.
1526 2261 1625 2315 186,
1642 2262 1700 2303 20
1724 2259 1942 2315 διορθιαι

244 2342 329 2386 pro
369 2326 424 2372 αἴ
459 2324 626 2384 ὅρθίαι
665 2323 869 2370 confusis
902 2327 936 2367 Δ
976 2325 1026 2368 et
1057 2328 1121 2381 Δ,
1169 2324 1190 2367 Ι
1221 2339 1265 2381 Ρ.
1302 2328 1410 2379 368,
1448 2329 1468 2367 1
1509 2325 1593 2369 τοῦ
1632 2339 1717 2382 pro
1754 2322 1809 2370 τὸ
1841 2322 1939 2370 ὑπό

242 2395 437 2452 propter
461 2392 788 2450 compendium
817 2387 877 2435 ‘P’
897 2412 953 2428 =
978 2386 1085 2445 ὑπό,
1119 2390 1138 2433 Ι
1163 2404 1208 2446 Ρ.
1234 2393 1335 2445 304,
1364 2394 1417 2434 16
1447 2392 1640 2448 propter
1662 2389 1789 2437 idem
1813 2406 1943 2437 com-

242 2468 467 2526 pendium
497 2470 617 2522 υζλθ
647 2481 732 2524 pro
764 2461 857 2510 ὑπὸ
892 2465 1048 2520 ΖΛΘ,
1096 2463 1117 2506 Ι
1147 2479 1193 2521 Ρ.
1230 2469 1328 2521 136,
1363 2469 1418 2508 17
1459 2461 1560 2509 AI’
1594 2478 1679 2523 pro
1710 2467 1943 2523 τρίγωνον

242 2536 435 2593 propter
466 2547 615 2591 comp.
647 2531 728 2590 Δ“,
760 2532 781 2575 Ι
813 2547 857 2589 Ρ.
883 2535 983 2586 368,
1014 2535 1065 2574 11
1100 2525 1211 2574 ὅλον
1243 2545 1328 2588 pro
1362 2525 1387 2577 ὃ
1420 2529 1558 2589 λόγον
1590 2533 1783 2590 propter
1813 2546 1942 2578 com-

241 2601 465 2660 pendium
496 2604 579 2646 W.

913 2735 1268 2742 .———.-
