2034 3216
611 163 964 206 CONICORUM
993 165 1174 206 LIBER
1203 166 1279 208 IV.
1710 165 1781 217 33

105 281 354 350 opposita
393 299 723 350 concurrere,
760 285 1041 350 rectasque
1082 302 1114 335 a
1151 284 1365 352 punctis
1398 301 1687 337 concursus
1721 285 1790 337 ad

107 373 163 422 A
202 369 391 422 ductas
432 369 696 422 sectiones
737 370 1066 439 contingere.
1555 426 1557 428 ,

215 457 477 510 ducantur
530 458 672 510 enim
728 476 760 510 a
807 462 862 509 A
914 461 1196 527 utramque
1244 461 1535 513 sectionem
1583 461 1789 514 contin-

105 547 290 614 gentes
324 547 451 614 AE,
476 548 531 596 A
541 547 607 614 Z;
639 544 822 613 itaque
852 547 999 598 recta
1028 564 1125 614 per
1156 550 1219 614 E,
1245 550 1290 598 Z
1323 547 1482 600 ducta
1513 566 1609 616 per
1639 551 1708 617 K,
1732 552 1801 601 H

105 633 299 686 ueniet.
367 650 494 684 nam
535 632 580 683 si
619 632 815 702 minus,
852 636 946 684 aut
983 651 1079 701 per
1117 634 1350 686 alterum
1389 653 1572 689 eorum
1610 637 1792 689 ueniet

106 723 200 773 aut
249 738 344 789 per
389 722 662 787 neutrum,
715 738 1005 789 rursusque
1054 721 1241 773 eodem
1288 722 1448 775 modo
1497 723 1790 778 absurdum

107 808 481 861 concludemus
523 806 649 872 [HL
689 807 800 873 39].

892 968 1009 1020 XX.

221 1069 316 1124 Sin
354 1074 614 1139 punctum
655 1073 928 1139 sumptum
967 1071 1025 1123 in
1066 1072 1328 1124 alterutra
1361 1076 1788 1142 asymptotarum

106 1159 343 1228 positum
378 1161 473 1228 est,
506 1161 561 1210 et
591 1158 800 1226 reliqua
833 1159 1016 1211 eadem
1047 1159 1200 1228 fiunt,
1231 1162 1379 1212 recta
1410 1179 1506 1228 per
1528 1163 1790 1216 terminos

106 1264 415 1300 excessuum
471 1246 633 1299 ducta
684 1247 948 1314 parallela
1004 1248 1107 1299 erit
1160 1251 1520 1317 asymptotae,
1574 1250 1631 1302 in
1686 1269 1794 1320 qua

106 1337 367 1404 punctum
406 1334 641 1402 positum
683 1337 776 1403 est,
818 1338 870 1386 et
901 1339 1050 1388 recta
1082 1354 1113 1387 a
1149 1339 1346 1403 puncto
1380 1336 1540 1389 ducta
1572 1337 1638 1389 ad
1671 1356 1793 1391 con-

107 1440 323 1475 cursum
364 1421 616 1474 sectionis
652 1424 931 1490 rectaeque
962 1441 1057 1491 per
1087 1424 1346 1476 terminos
1380 1423 1570 1476 ductae
1604 1425 1794 1478 sectio-

105 1528 229 1562 nem
268 1510 562 1579 continget.

218 1599 328 1650 sint
373 1598 655 1667 oppositae
702 1603 777 1667 A,
809 1602 878 1667 B,
935 1601 989 1650 et
1033 1601 1292 1666 punctum
1334 1605 1388 1651 A
1433 1600 1489 1651 in
1529 1601 1790 1653 alterutra

107 1689 537 1755 asymptotarum
563 1687 648 1754 sit,
680 1687 995 1755 reliquaque
1022 1686 1207 1739 eadem
1230 1687 1379 1740 fiant.
1421 1688 1552 1750 dioc,
1584 1691 1789 1741 rectam

106 1792 201 1843 per
239 1777 308 1842 K,
339 1775 405 1824 H
436 1773 650 1826 ductam
691 1791 811 1826 cum
851 1774 1085 1826 sectione
1116 1791 1443 1844 concurrere,
1482 1778 1791 1845 rectamque

107 1880 139 1913 a
169 1864 368 1930 puncto
402 1879 689 1914 concursus
723 1861 790 1913 ad
814 1865 868 1912 A
902 1861 1114 1914 ductam
1146 1862 1435 1915 sectionem
1462 1863 1792 1932 contingere.

219 1968 250 2000 a
280 1953 334 2001 A
374 1948 692 2018 contingens
734 1949 958 2001 ducatur
987 1952 1043 2000 A
1053 1953 1112 2016 Z,
1152 1952 1206 2001 et
1246 1967 1278 2000 a
1309 1953 1355 2000 Z
1389 1953 1538 2003 recta
1568 1950 1792 2003 ducatur

109 2039 450 2106 asymptotae
503 2036 788 2105 parallela,
840 2037 896 2087 in
953 2055 1059 2105 qua
1113 2039 1196 2088 est
1244 2041 1320 2104 A3
1377 2056 1440 2090 ea
1485 2038 1651 2107 igitur
1694 2056 1793 2106 per

108 2127 181 2191 K,
212 2127 272 2176 H
306 2124 502 2177 ueniet.
575 2142 702 2175 nam
742 2125 789 2176 si
827 2124 1027 2191 mium,
1076 2127 1167 2176 aut
1204 2142 1299 2193 per
1339 2126 1566 2177 alterum
1606 2143 1792 2178 eorum

108 2212 288 2264 ueniet
335 2214 428 2264 aut
472 2230 567 2279 per
612 2214 887 2281 neutrum,
934 2215 987 2263 et
1033 2211 1217 2263 eadem
1257 2212 1503 2264 euenient
1543 2211 1792 2280 absurda,

39 2335 43 2343 ‚
109 2317 243 2368 quae
283 2302 443 2352 antea
482 2298 611 2367 [HL
645 2300 755 2366 36].
813 2357 817 2362 ⁸

881 2459 1022 2511 XXI.

221 2561 431 2613 Rursus
473 2561 733 2614 sectiones
775 2562 1054 2630 oppositae
1094 2561 1203 2613 sint
1240 2565 1315 2629 A,
1346 2565 1408 2622 B,
1448 2564 1500 2613 et
1540 2566 1595 2612 A
1631 2578 1792 2628 punc-

111 2651 227 2701 tum
265 2649 322 2700 in
363 2649 620 2700 alterutra
660 2651 1089 2717 asymptotarum
1130 2648 1215 2716 sit,
1256 2652 1309 2700 et
1340 2652 1395 2699 A
1405 2651 1519 2699 ΒΚ
1547 2649 1705 2700 alteri
1737 2666 1791 2699 a-

115 2738 419 2805 symptotae
466 2736 725 2804 parallela
773 2754 893 2788 cum
933 2736 1165 2789 sectione
1203 2735 1260 2786 in
1298 2753 1403 2787 uno
1443 2737 1640 2802 puncto
1675 2735 1791 2788 solo

113 2825 158 2873 Β
209 2826 512 2891 concurrat,
559 2825 715 2875 ΓΛΘ
755 2826 932 2876 autem
973 2841 1093 2876 cum
1132 2825 1355 2891 utraque
1397 2823 1629 2874 sectione
1670 2839 1793 2874 con-

112 2913 314 2977 currat,
369 2910 543 2978 sitque
597 2913 707 2961 ΓΔ
731 2930 742 2962 :
768 2913 878 2962 ΛΘ
903 2935 971 2953 =
999 2912 1143 2962 PH:
1170 2913 1282 2961 ΗΘ
1337 2913 1390 2960 et
1437 2911 1549 2960 BK
1571 2933 1638 2950 =
1666 2911 1793 2960 AB.

199 3001 509 3045 Apollonius,
540 3003 597 3035 ed.
620 3003 801 3043 Heiberg.
836 3003 888 3035 ΙΙ.
1499 2999 1523 3035 3
