2020 3236
245 135 354 189 292
715 135 1155 179 COMMENTARIA
1185 136 1467 188 ANTIQUA.

342 252 524 310 ’'Eo‘tm
565 251 866 325 ὑπερβολή,
905 245 973 324 ἧς
1011 251 1368 325 ἄσύμπτωτοι
1407 255 1469 308 αἱ
1505 258 1640 324 ΑΒ,
1678 257 1807 323 ΒΓ,
1854 251 1946 307 καὶ

250 342 613 414 ἐκβεβλήσθω
655 339 738 398 ἐπ’
777 339 1002 408 εὐθείας
1033 339 1067 413 ἡ
1099 347 1291 414 ΒΕΔ,
1330 342 1424 398 καὶ
1455 340 1616 414 ἤχθω
1648 362 1731 407 τις
1761 338 1795 412 ἡ
1829 346 1952 410 ΕΖ,

249 430 324 498 ὡς
371 435 589 503 ἔτυχεν,
637 431 918 502 τέμνουσα
956 430 1056 496 τὰς
1094 436 1231 501 ΔΒ,
1272 437 1398 487 BA.
1475 431 1643 501 λέγω,
1691 427 1777 485 ὅτι
1817 445 1950 501 συμ·

247 531 494 575 πεσεῖται
533 523 599 593 τῇ
638 523 797 593 τομῇ.

191 623 218 663 5
367 612 418 664 εί
453 609 562 680 γὰρ
596 607 866 679 δυνατόν,
905 608 979 680 μὴ
1013 609 1384 679 συμπιπτέτω,
1422 608 1516 663 καὶ
1549 606 1643 663 διὰ
1675 611 1777 663 τοῦ
1809 613 1856 662 Β
1887 610 1952 680 τῇ

250 704 356 753 ΕΖ
403 697 759 770 παράλληλος
797 696 958 769 ήχθω
998 695 1032 768 ἡ
1074 703 1201 754 ΒΗ.
1278 695 1313 766 ἡ
1354 703 1473 752 ΒΗ
1508 697 1617 768 ἄρα
1658 695 1951 768 διάμετρός

255 788 371 842 ἐστι
409 789 507 857 τῆς
545 789 730 857 τομῆς.
803 787 896 841 καὶ
934 786 1384 859 παραβεβλήσθω
1424 783 1575 855 παρὰ
1605 786 1711 857 τὴν
1741 791 1846 840 ΕΖ
1876 787 1951 860 τῷ

253 873 362 930 ἀπὸ
417 880 540 929 ΒΗ
586 881 714 930 ἴσον
769 874 1354 946 παραλληλόγραμμον
1408 872 1763 945 ὑπερβάλλον
1817 877 1954 930 εἴδει

253 963 580 1039 τετραγώνῳ
629 963 721 1019 καὶ
767 969 989 1020 ποιείτω
1036 963 1099 1019 τὸ
1141 962 1251 1019 ὑπὸ
1292 969 1480 1033 ΕΘΖ,
1518 963 1611 1018 καὶ
1644 963 1953 1036 ἐπεζεύχθω

170 1069 226 1110 10
258 1049 292 1124 ἡ
356 1058 462 1107 ΘΒ
523 1053 618 1108 καὶ
681 1052 1064 1124 ἐκβεβλήσθω·
1125 1064 1485 1124 συμπεσεῖται
1548 1050 1617 1123 δὴ
1679 1055 1746 1126 τῇ
1796 1061 1955 1126 τομῇ.

256 1142 609 1212 συμπιπτέτω
641 1140 778 1196 κατὰ
811 1140 872 1197 τὸ
909 1148 980 1212 Κ,
1018 1142 1112 1196 καὶ
1153 1140 1246 1196 διὰ
1286 1143 1388 1196 τοῦ
1421 1147 1478 1196 Κ
1506 1150 1572 1215 τῇ
1606 1146 1728 1196 ΒΗ
1749 1140 1957 1211 παράλ-

255 1236 423 1301 ληλος
469 1228 628 1301 ἤχθω
676 1228 710 1301 ἡ
751 1236 947 1286 ΚΑΛ.
1025 1229 1087 1285 τὸ
1135 1229 1247 1300 ἄρα
1292 1227 1401 1285 ὑπὸ
1444 1235 1625 1285 ΔΚΛ
1672 1237 1799 1285 ἴσον
1840 1229 1955 1284 ἐστὶ

258 1322 334 1392 τῷ
384 1316 493 1375 ἀπὸ
535 1325 669 1374 ΒΗ·
719 1317 859 1375 ὥστε
905 1319 998 1374 καὶ
1045 1322 1121 1393 τῷ
1162 1317 1270 1374 ὑπὸ
1313 1323 1497 1374 ΕΘΖ·
1547 1316 1683 1391 ὅπερ
1724 1316 1956 1388 ἄτοπον,

259 1409 480 1479 ἐπείπερ
520 1405 554 1478 ἡ
595 1415 715 1463 ΑΛ
761 1407 1115 1480 παράλληλός
1162 1409 1276 1463 ἐστι
1315 1411 1380 1480 τῇ
1422 1412 1544 1463 ΕΘ.
1620 1404 1655 1478 ἡ
1697 1411 1802 1461 ΕΖ
1849 1404 1958 1477 ἄρα

172 1512 226 1553 15
260 1507 618 1567 συμπεσεῖται
656 1499 722 1568 τῇ
762 1499 917 1569 τομῇ.

367 1583 619 1656 φανερὸν
656 1584 744 1656 δή,
777 1583 862 1640 ὅτι
885 1586 976 1640 καὶ
1001 1583 1133 1640 καθ’
1171 1588 1232 1640 ἓν
1258 1584 1437 1656 μόνον
1464 1594 1717 1656 σημεῖον·
1750 1583 1954 1655 παράλ-

256 1680 424 1745 ληλος
461 1673 568 1745 γάρ
610 1674 724 1729 ἐστι
755 1677 821 1747 τῇ
863 1681 985 1729 ΒΗ
1017 1675 1308 1747 διαμέτρῳ.

927 1868 1041 1930 Εἰς
1079 1866 1150 1920 τὸ
1193 1865 1294 1935 ιβ’.

372 1966 611 2039 Ηὺρέθη
661 1972 722 2023 ἔν
768 1985 915 2023 τισιν
964 1967 1331 2040 ἀντιγράφοις
1376 1971 1540 2024 τοῦτο
1587 1967 1650 2024 τὸ
1691 1967 1960 2040 θεώρημα

174 2072 231 2114 20
267 2056 636 2127 δεικνύμενον
670 2055 765 2111 διὰ
790 2056 893 2112 δύο
919 2056 1290 2128 παραλλήλων
1316 2055 1608 2128 ἀγομένων
1631 2059 1697 2129 τῇ
1723 2057 1959 2127 ἐφαπτο-

263 2146 417 2218 μένῃ,
457 2148 585 2216 μιᾶς
624 2145 725 2216 μὲν
768 2145 861 2200 διὰ
903 2149 1006 2201 τοῦ
1040 2142 1112 2216 Δ,
1153 2146 1341 2216 ἑτέρας
1381 2144 1443 2200 δὲ
1484 2146 1577 2200 διὰ
1616 2147 1718 2201 τοῦ
1749 2150 1827 2200 Η·
1866 2144 1959 2198 καὶ

264 2232 298 2304 ἡ
332 2231 613 2300 ἀπόδειξις
646 2234 740 2287 διὰ
773 2234 1093 2299 συνθέσεως
1125 2233 1312 2304 λόγων
1346 2236 1647 2289 ἐδείκνυτο.
1710 2231 1959 2298 ἐπελεξά-

392 2458 429 2495 1.
463 2448 700 2509 ὑπερβολή
736 2479 790 2486 --
825 2454 938 2512 ΒΓ]
974 2467 1064 2498 om.
1098 2454 1197 2510 Wp
1227 2468 1405 2528 magna
1434 2454 1603 2498 lacuna
1634 2452 1821 2507 relicta3
1855 2467 1962 2509 sup-

268 2511 421 2567 pleuit
452 2508 629 2554 Comm.
740 2517 779 2556 3.
815 2510 947 2569 ἔτυχε
982 2529 1027 2570 p.
1145 2518 1184 2557 7.
1219 2509 1343 2557 ἐστιν
1375 2512 1449 2557 W.
1573 2516 1614 2557 8.
1646 2508 1960 2575 υπερβάλλον]

273 2585 388 2614 corr.
422 2582 478 2613 ex
518 2566 824 2627 ὑπερβάλλων
858 2587 916 2615 m.
953 2576 976 2614 1
1012 2571 1085 2616 W.
1242 2577 1309 2616 12.
1351 2568 1476 2615 ἐστίν
1506 2573 1582 2616 W.
1734 2575 1805 2615 13.
1837 2573 1961 2628 BH]

274 2631 379 2673 ΔΗ
407 2630 532 2684 Wp,
574 2642 690 2672 corr.
725 2629 898 2674 Comm.
1054 2635 1123 2674 14.
1162 2627 1455 2686 παράλληλός
1488 2625 1583 2674 ἔστι
1613 2630 1669 2688 τῇ
1703 2629 1816 2696 ΕΘ]
1858 2643 1964 2686 sup-

273 2687 420 2744 pleui‚
453 2687 671 2731 lacunam
705 2702 922 2745 magnam
956 2690 1060 2733 hab.
1088 2691 1210 2746 Wp;
1245 2693 1383 2746 „post
1412 2689 1529 2733 haec
1552 2689 1698 2733 uerba
1724 2687 1774 2731 in
1797 2701 1965 2754 graeco

276 2746 439 2791 codice
471 2747 699 2791 nonnulla
730 2747 1074 2802 desiderantur,
1109 2749 1268 2803 qualia
1299 2747 1498 2792 forssasse
1530 2747 1647 2791 haec
1680 2748 1807 2790 sunt:
1839 2746 1966 2790 linea

275 2806 398 2850 enim
431 2806 499 2850 dk
536 2805 687 2849 maior
720 2808 792 2850 est
824 2820 963 2861 quam
995 2809 1054 2852 eh
1094 2813 1142 2851 et
1179 2808 1248 2851 ka
1287 2807 1436 2851 maior
1469 2821 1631 2877 quam
1646 2807 1745 2861 Ῑιγω
1786 2806 1961 2851 Comm.

275 2866 355 2908 fol.
383 2869 467 2908 47v
499 2864 682 2909 omissis
714 2865 870 2908 uerbis
905 2863 1098 2919 ἐπείπερ
1129 2862 1158 2922 ἡ
1191 2870 1294 2910 ΑΔ.
1417 2863 1445 2920 ἡ
1482 2867 1568 2908 ΕΖ
1600 2860 1715 2922 αρα]
1751 2863 1964 2921 suppleui

275 2925 529 2980 praeeunte
557 2921 748 2979 Comm.,
782 2938 871 2968 om.
891 2926 1026 2980 Wp'
1014 2941 1060 2968 1n
1086 2924 1173 2970 lac.
1286 2928 1351 2968 15.
1387 2923 1715 2981 συμπεσεῖται]
1748 2928 1962 2967 πεσεῖται
