2046 3256
250 172 363 226 230
725 172 1164 217 COMMENTARIA
1195 171 1478 225 ANTIQUA.

251 289 390 365 πρὸς
437 289 619 363 ὀρθὰς
665 286 910 362 ἀγομένη
959 287 1054 346 ἄπ’
1106 287 1280 362 ἄκρας
1316 298 1416 361 τῆς
1456 289 1757 361 διαμέτρου
1797 286 1953 355 ἐκτός

251 402 310 436 τε
349 383 533 437 πίπτει
568 379 660 435 καὶ
693 378 993 451 ἐφάπτεται
1024 382 1126 435 τοῦ
1157 378 1385 449 κύκλου,
1426 375 1455 434 ὁ
1491 378 1552 433 δὲ
1581 376 1956 443 Ἀπολλώνιος

252 471 314 525 ἐν
362 468 542 545 τούτῳ
594 467 906 525 καθολικόν
952 490 1005 524 τι
1054 471 1302 524 δείκνυσι
1342 466 1667 539 δυνάμενον
1708 464 1952 539 ἐφαρμό-

253 574 348 613 σαι
387 570 508 624 ταῖς
545 558 694 631 τρισὶ
732 561 835 614 τοῦ
874 557 1063 613 κώνου
1102 558 1196 612 καὶ
1234 559 1310 633 τῷ
1350 555 1552 632 κύκλῳ.

193 658 220 696 5
365 650 640 704 τοσοῦτον
697 646 946 718 διαφέρει
1002 642 1031 701 ὁ
1078 645 1283 711 κύκλος
1328 648 1441 701 τῶν
1486 646 1589 701 τοῦ
1633 642 1824 700 κώνου
1869 665 1955 700 το-

251 738 399 808 μῶν,
448 734 534 792 ὅτι
581 732 664 791 ἐπ’
718 737 937 791 ἐκείνου
985 734 1086 806 μὲν
1135 736 1197 790 αἱ
1231 732 1578 806 τεταγμένως
1614 732 1954 805 κατηγμέναι

249 824 391 898 πρὸς
445 822 625 897 ὀρθὰς
678 823 913 896 ἄγονται
967 827 1033 896 τῇ
1092 824 1391 899 διαμέτρῳ·
1449 821 1581 879 οὐδὲ
1634 820 1742 895 γὰρ
1791 820 1955 878 ἄλλαι

251 912 472 970 εὐθεῖαι
525 912 873 987 παράλληλοι
929 913 1150 978 ἑαυταῖς
1203 909 1312 967 ὑπὸ
1359 920 1457 983 τῆς
1506 908 1807 984 διαμέτρου
1853 913 1955 966 τοῦ

248 1004 460 1059 κύκλου
509 1006 960 1075 διχοτομοῢνται·
1019 1001 1105 1057 ἐπὶ
1162 1001 1223 1056 δὲ
1270 1004 1385 1056 τῶν
1431 1007 1602 1072 τριῶν
1648 1002 1836 1071 τομῶν
1885 998 1955 1055 οὐ

170 1104 222 1143 10
255 1091 474 1159 πάντως
519 1091 658 1166 πρὸς
706 1090 887 1166 ὀρθὰς
934 1090 1193 1162 ἄγονται,
1243 1094 1294 1145 εἰ
1331 1087 1403 1162 μῆ
1445 1089 1533 1145 ε’πὶ
1573 1087 1786 1161 μόνους
1822 1088 1956 1155 τοὺς

252 1182 467 1249 ἄξονας.

924 1272 1042 1334 Εἰς
1080 1267 1149 1324 τὸ
1193 1268 1287 1339 ιη’.

346 1374 452 1429 ’Ἑν
482 1389 630 1429 τισιν
664 1372 1034 1446 ἀντιγράφοις
1065 1371 1127 1428 τὸ
1160 1370 1427 1443 θεώρημα
1457 1373 1626 1426 τοῦτο
1660 1370 1747 1427 ἐπὶ
1779 1369 1956 1443 μόνης

250 1467 574 1536 παραβολῆς
618 1462 711 1517 καὶ
757 1459 1072 1534 ὑπερβολῆς
1122 1463 1298 1532 ἐστιν,
1345 1458 1577 1516 κάλλιον
1625 1459 1687 1516 δὲ
1725 1465 1955 1516 καθολι-

166 1562 220 1603 15
253 1551 499 1625 κώτερον
555 1555 700 1623 ἔχειν
753 1550 856 1623 τὴν
903 1550 1202 1623 πρότασιν,
1259 1553 1310 1605 εἰ
1354 1547 1428 1622 μὴ
1477 1547 1562 1605 ὅτι
1608 1549 1671 1605 τὸ
1722 1548 1808 1605 ἐπὶ
1857 1552 1954 1620 τῆς

251 1643 545 1708 ἐλλείψεως
593 1642 825 1706 ἐκείνοις
873 1638 947 1707 ὡς
986 1638 1382 1712 ἄναμφίβολον
1420 1637 1868 1711 παραλέλειπται·
1915 1635 1951 1708 ἡ

250 1729 358 1800 γὰρ
399 1734 452 1785 Γ
450 1736 504 1784 Δ
550 1728 708 1795 ἐντὸς
757 1722 899 1785 οὖσα
952 1731 1050 1800 τῆς
1095 1731 1269 1800 τομῆς
1315 1728 1732 1799 πεπερασμένης
1780 1724 1952 1798 οὔσης

250 1819 342 1874 καὶ
383 1816 522 1890 αὐτὴ
564 1817 682 1874 κατ’
727 1817 1015 1890 ἀμφότερα
1054 1818 1241 1889 τέμνει
1280 1816 1385 1888 τῆν
1424 1815 1618 1888 τομήν.

365 1910 453 1963 δεῖ
491 1908 553 1963 δὲ
593 1909 901 1979 ἐπιστῆσαι,
943 1904 1045 1976 ὅτι,
1085 1903 1191 1961 κᾶν
1232 1903 1266 1978 ἡ
1305 1910 1471 1960 ΑΖΒ
1509 1905 1680 1977 τέμνῃ
1719 1901 1823 1976 τῆν
1861 1925 1951 1959 το-

161 2008 219 2048 20
253 1995 387 2069 μήν,
426 1993 461 2067 ῆ
502 1994 642 2067 αὐτὴ
684 1993 966 2061 ἀπόδειξις
1006 1992 1246 2067 ἁρμόζει.

938 2176 1054 2239 Εἰς
1091 2170 1161 2228 τὸ
1201 2173 1268 2227 κ’.

356 2276 486 2332 Ἀπὸ
528 2275 733 2332 τούτου
771 2279 874 2331 τοῦ
912 2274 1276 2347 θεωρήματος
1315 2271 1625 2345 ἀρχόμενος
1656 2273 1852 2344 ἐφεξῆς
1885 2274 1947 2328 έν

250 2374 386 2420 πᾶσι
430 2364 498 2419 τὰ
545 2365 919 2436 συμπτώματα
965 2367 1063 2435 τῆς
1107 2365 1429 2434 παραβολῆς
1475 2361 1615 2435 αὐτῇ
1662 2363 1950 2417 δείκνυσιν

250 2452 571 2526 ὑπάρχοντα
615 2453 706 2507 καὶ
747 2451 848 2508 οὐκ
889 2452 1028 2525 ἄλλῃ
1068 2458 1203 2523 τινί,
1253 2449 1327 2517 ὡς
1365 2451 1451 2506 ε’πὶ
1491 2449 1554 2506 τὸ
1596 2448 1741 2505 πολὺ
1781 2449 1843 2505 δὲ
1881 2453 1947 2522 τῇ

163 2554 219 2594 25
253 2539 536 2614 ὑπερβολῇ
576 2542 668 2596 καὶ
709 2551 772 2614 τῇ
815 2543 1054 2608 ἐλλείψει
1084 2541 1176 2596 καὶ
1208 2549 1283 2615 τῷ
1312 2539 1497 2615 κύκλῳ
1529 2537 1596 2594 τὰ
1631 2535 1772 2594 αὐτὰ
1805 2540 1948 2594 δείκ-

253 2648 420 2688 νυσιν
459 2629 797 2703 ὑπάρχοντα.

366 2718 554 2791 ἐπειδὴ
605 2718 666 2774 δὲ
715 2717 816 2774 οὐκ
861 2717 1141 2791 ἄχρηστον
1183 2709 1443 2790 φαίνεται
1491 2728 1609 2782 τοῖς
1654 2714 1721 2771 τὰ
1776 2713 1989 2787 μηχα-’

372 2917 411 2958 3.
454 2912 686 2970 δείκνυσι]
735 2910 898 2968 scripsi
930 2911 1185 2967 praeeunte
1219 2909 1411 2964 Comm,
1444 2907 1635 2959 δεικνύς
1666 2907 1779 2964 Wp.
1902 2912 1944 2952 4.

252 2971 374 3031 ταῖς]
409 2971 514 3017 forb.
541 2976 643 3022 ταῖς
666 2987 729 3016 τε.
829 2971 978 3028 τρισίν
1003 2969 1077 3014 W.
1181 2968 1357 3027 κώνου]
1390 2966 1546 3013 κώνου
1579 2972 1746 3025 τομαῖς
1777 2966 1947 3022 Halley
