2020 3236
274 127 387 181 344
748 127 1187 171 COMMENTARIA
1219 125 1500 180 ANTIQUA.

388 244 700 317 ἐπεζεύχθω
747 244 854 318 γὰρ
903 242 938 316 ἡ
979 250 1088 300 AB
1134 245 1226 301 καὶ
1273 243 1632 318 ἐκβεβλήσθω
1678 242 1765 299 ἐπὶ
1802 241 1871 299 τὰ
1909 249 1976 313 Θ,

275 341 341 391 Κ.
415 335 531 391 ἐπεὶ
571 326 676 390 οὖν
718 341 810 406 ἴση
851 334 1002 390 ἐστὶν
1042 332 1076 406 ἡ
1117 339 1218 390 ΓΒ
1257 337 1323 407 τῇ
1363 339 1488 406 ΒΕ,
1529 339 1621 406 ἴση
1661 331 1769 406 ἄρα
1807 332 1897 388 καὶ
1939 329 1974 404 ἡ

274 430 388 480 ΚΒ
443 427 509 497 τῇ
559 429 685 479 BA.
771 423 911 479 ἀλλὰ
958 422 993 495 ἡ
1042 429 1149 480 ΚΒ
1196 427 1263 497 τῇ
1311 429 1419 479 ΑΘ
1467 424 1617 480 ἐστιν
1666 429 1782 494 ἴση·
1835 419 1979 478 ὥστε

273 513 367 569 καὶ
407 510 440 584 ἡ
480 517 589 568 ΓΑ
627 515 692 586 τῇ
734 519 866 569 AH.

217 719 243 758 5
873 706 1117 772 ’Ἄλλως
1155 710 1224 762 τὸ
1264 705 1369 762 λε’.

372 807 555 865 ’Ἑστω
603 807 888 882 ὑπερβολὴ
934 808 968 882 ἡ
1012 816 1146 881 ΑΒ,
1195 809 1549 882 ἀσύμπτωτοι
1591 809 1653 865 δὲ
1693 810 1754 864 αι’
1789 813 1981 880 ΓΔΕ,

275 899 368 954 καὶ
409 897 517 955 ἀπὸ
557 907 661 955 τοῦ
702 904 755 954 Γ
784 897 818 971 ἡ
859 899 961 968 μὲν
994 904 1158 956 ΓΒΕ
1196 901 1547 972 ἐφαπτέσθω,
1587 896 1612 954 v‘
1654 897 1716 955 δὲ
1750 903 1980 954 ΓΑΗΘ

274 988 517 1059 τεμνέτω
557 986 658 1058 τὴν
698 986 876 1060 τομὴν
907 987 1046 1044 κατὰ
1077 986 1145 1044 τὰ
1177 997 1246 1060 Α,
1277 995 1343 1045 Η
1369 998 1586 1060 σημεῖα,
1624 988 1718 1044 καὶ
1752 989 1845 1043 διὰ
1877 990 1980 1044 τοῦ

277 1083 324 1132 Β
363 1077 513 1148 παρὰ
551 1076 655 1149 τὴν
695 1082 806 1133 ΓΔ
844 1076 1003 1150 ἤχθω
1044 1076 1079 1149 ἡ
1121 1083 1179 1133 Κ
1187 1085 1304 1134 ΒΖ.
1377 1077 1643 1150 δεικτέον,
1685 1077 1770 1133 ὅτι
1810 1079 1981 1148 ἐστίν,

187 1179 244 1220 10
278 1189 352 1232 ως
389 1163 416 1221 7‘
463 1171 582 1221 ΗΓ
614 1169 752 1239 πρὸς
793 1171 916 1238 ΓΑ,
957 1165 991 1239 ἡ
1032 1172 1146 1222 ΗΖ
1184 1171 1322 1240 πρὸς
1362 1173 1483 1223 ΖΑ.

390 1255 700 1327 ἐπεζεύχθω
747 1252 780 1327 ἡ
830 1262 939 1311 ΑΒ
987 1256 1081 1311 καὶ
1128 1255 1488 1327 ἐκβεβλήσθω
1537 1255 1625 1311 ἐπὶ
1670 1254 1738 1310 τὰ
1786 1262 1856 1326 Λ,
1896 1261 1980 1327 .Μ,

274 1344 368 1400 καὶ
409 1341 519 1401 ἀπὸ
557 1348 659 1401 τοῦ
700 1351 753 1400 Ε
787 1344 936 1418 παρὰ
974 1343 1076 1417 τὴν
1110 1350 1210 1401 ΓΘ
1248 1341 1408 1417 ήχθω
1449 1342 1483 1416 ἡ
1518 1349 1646 1400 ΕΝ.
1716 1344 1833 1401 ἐπεὶ
1873 1338 1980 1400 οὖν

277 1441 369 1505 ἰση
419 1435 570 1490 ἐστὶν
618 1432 652 1505 ἡ
694 1438 795 1489 ΓΒ
836 1436 901 1508 τῇ
935 1439 1056 1506 ΕΒ,
1099 1441 1190 1506 ἴση
1232 1434 1347 1490 ἐστὶ
1386 1435 1479 1490 καὶ
1518 1432 1553 1506 ἡ
1594 1439 1702 1490 ΓΛ
1738 1434 1805 1507 τῇ
1846 1438 1983 1503 ΕΝ,

276 1519 310 1593 ἡ
354 1522 416 1578 δε
449 1529 555 1578 ΑΒ
595 1525 661 1596 τῇ
695 1529 830 1578 ΒΝ·
871 1521 902 1594 ἡ
946 1523 1056 1594 ἄρα
1088 1529 1224 1579 ΝΜ
1259 1521 1507 1596 ὑπεροχή
1547 1525 1663 1579 ἐστι
1693 1524 1808 1578 τῶν
1841 1527 1984 1592 ΒΜ,

189 1625 246 1665 15
279 1617 404 1667 AB.
475 1618 567 1683 ἴση
610 1610 671 1667 δὲ
710 1609 744 1683 ἡ
777 1617 908 1667 ΒΜ
937 1615 1003 1683 τῇ
1037 1618 1171 1667 AA·
1215 1610 1247 1684 ἡ
1282 1618 1422 1667 NM
1445 1610 1555 1681 ἄρα
1586 1608 1832 1683 ὑπεροχή
1867 1611 1981 1666 ἐστι

278 1704 393 1756 τῶν
441 1705 574 1770 ΛΑ,
614 1706 738 1755 ΑΒ.
814 1701 907 1756 καὶ
963 1700 1078 1757 ἐπεὶ
1127 1699 1408 1772 τριγώνου
1455 1702 1555 1755 τοῦ
1603 1705 1793 1756 ΑΘΜ
1830 1698 1980 1771 παρὰ

279 1787 382 1860 τὴν
423 1794 532 1844 ΑΘ
572 1787 789 1860 ἐστινὴ
830 1795 967 1860 ΕΝ,
1008 1794 1179 1861 ἔστιν,
1222 1788 1294 1855 ὡς
1333 1787 1367 1860 ἡ
1408 1795 1543 1844 AM
1573 1792 1711 1860 πρὸς
1741 1794 1901 1860 ΝΜ,
1945 1786 1982 1860 ἡ

280 1885 389 1933 ΑΘ
427 1877 566 1950 πρὸς
604 1885 734 1934 NE.
806 1885 897 1948 ἴση
940 1879 1002 1934 δὲ
1041 1876 1074 1950 ἡ
1115 1885 1235 1933 ΝΕ
1269 1882 1335 1951 τῇ
1372 1883 1501 1933 ΑΓ·
1542 1876 1615 1944 ὡς
1653 1876 1763 1949 ἄρα
1802 1875 1837 1949 ἡ
1873 1883 1983 1933 ΘΑ

279 1966 419 2037 πρὸς
459 1972 586 2039 ΑΓ,
634 1965 668 2038 ἡ
709 1956 847 2023 ΑΜ
883 1966 1023 2038 πρὸς
1061 1966 1167 2038 τὴν
1204 1965 1487 2039 ὑπεροχὴν
1526 1969 1640 2022 τῶν
1684 1972 1808 2038 ΑΒ,
1841 1971 1983 2037 ΒΜ,

190 2069 249 2110 20
281 2057 568 2113 τουτέστιν
615 2054 650 2124 ἡ
698 2062 807 2111 ΛΒ
853 2055 994 2129 πρὸς
1038 2055 1141 2133 τὴν
1187 2054 1472 2129 ὑπεροχὴν
1516 2058 1630 2111 τῶν
1677 2060 1816 2126 ΛΑ,
1855 2060 1982 2110 ΑΒ.

283 2143 355 2211 ὡς
405 2145 466 2201 δὲ
513 2142 546 2216 ἡ
588 2151 697 2200 ΘΑ
744 2143 882 2217 πρὸς
922 2148 1052 2214 ΑΓ,
1093 2141 1128 2216 ἡ
1170 2149 1286 2200 ΗΓ
1319 2147 1456 2215 πρὸς
1495 2148 1624 2199 ΓΑ·
1666 2150 1756 2215 ἴση
1796 2142 1905 2216 γὰρ
1945 2140 1983 2214 ἡ

282 2238 389 2289 ΓΑ
436 2237 500 2306 τῇ
544 2239 678 2288 ΘΗ·
725 2232 818 2289 καὶ
865 2230 938 2299 ὡς
985 2233 1095 2306 ἄρα
1142 2230 1176 2304 ἡ
1215 2238 1335 2288 ΗΓ
1373 2234 1513 2304 πρὸς
1551 2237 1683 2302 ΓΑ,
1731 2232 1908 2298 οὕτως
1947 2229 1985 2302 ἡ

283 2327 390 2377 ΛΒ
431 2322 569 2394 πρὸς
606 2321 708 2393 τὴν
747 2319 1030 2393 ὑπεροχὴν
1069 2325 1181 2377 τῶν
1215 2327 1345 2392 ΛΑ,
1378 2327 1487 2375 AB
1519 2321 1612 2376 καὶ
1643 2318 1678 2392 ἡ
1711 2325 1812 2375 ΓΖ
1843 2317 1984 2393 πρὸς

407 2519 446 2558 7.
483 2515 647 2573 ΓΒΕ]
678 2514 863 2571 Halley,
898 2518 979 2558 ΓΒ
1012 2516 1127 2571 Wp.
1228 2519 1268 2559 8.
1303 2512 1407 2572 τήν]
1442 2513 1515 2558 bis
1546 2529 1593 2571 p.
1695 2512 1770 2572 H]
1802 2516 1838 2556 B
1863 2511 1982 2569 Wp,

286 2587 402 2618 corr.
442 2572 625 2631 Halley.
796 2578 835 2617 9.
880 2571 968 2630 τὴν
1008 2574 1118 2632 ΓΔ]
1167 2574 1244 2630 τῆι
1283 2576 1430 2617 ΜΓΔ
1476 2573 1576 2630 Wp
1648 2586 1762 2618 corr.
1804 2571 1979 2617 Comm.

344 2633 499 2691 KBZ]
541 2633 727 2690 scripsi,
769 2635 902 2676 BKZ
935 2635 1057 2690 Wp,
1102 2635 1240 2676 ZBK
1268 2632 1440 2690 Halley
1471 2646 1578 2677 cum
1609 2631 1784 2676 Comm.
1909 2633 1980 2676 10.

286 2692 407 2750 ΗΓ]
442 2695 492 2735 Η
521 2706 544 2737 e
578 2706 693 2737 corr.
727 2692 800 2735 W.
941 2697 1010 2738 12.
1052 2692 1162 2750 ΓΘ]
1201 2706 1317 2736 corr.
1350 2706 1406 2736 ex
1408 2648 1590 2748 yFOp
1745 2694 1813 2734 13.
1854 2685 1981 2734 ἐστίν

286 2777 341 2784 -—-
375 2752 471 2809 ἴση]
506 2765 595 2796 om.
621 2767 666 2808 p.
792 2751 898 2809 ΕΒ]
931 2765 1025 2807 mg.
1050 2765 1109 2795 m.
1136 2757 1163 2796 2
1190 2751 1243 2806 U,
1281 2753 1363 2795 ΘΒ
1397 2750 1471 2794 W.
1558 2707 1719 2808 Ρέστί]
1755 2746 1879 2794 ἐστίν
1903 2748 1979 2792 W.

347 2811 449 2868 ΓΑ]
483 2826 546 2854 m.
579 2815 604 2854 2
639 2811 693 2867 U,
728 2813 811 2854 ΓΔ
842 2811 941 2867 Wp
1111 2815 1181 2854 14.
1216 2812 1334 2854 ΝΜ
1359 2836 1414 2843 -
1451 2814 1518 2853 15.
1550 2809 1652 2867 AB]
1689 2822 1778 2853 om.
1810 2808 1983 2852 lacuna

284 2869 454 2915 relicta
485 2869 608 2927 Wp,
650 2883 766 2915 corr.
797 2868 969 2926 Halley
1009 2871 1127 2925 (AB,
1155 2871 1291 2926 ΒΜ).
1447 2871 1517 2913 15.
1552 2864 1676 2912 ἐστιν
1707 2867 1784 2912 W.
1909 2870 1978 2911 16.

285 2947 357 2985 τιρ
342 2926 535 2986 ιγώνον]
570 2943 686 2975 corr.
721 2942 777 2973 ex
809 2929 1034 2985 τνρίγωνο
1066 2928 1140 2972 W.
1283 2928 1457 2986 ΑΘΜ]
1492 2930 1643 2972 ΑΒΜ
1666 2927 1789 2983 Wp,
1828 2925 1983 2969 ΑΜΘ
