2046 3256
237 160 348 212 214
708 162 1144 205 COMMENTARIA
1175 162 1456 215 ANTIQUA.

938 313 1039 375 Εἰς
1077 309 1138 366 τὸ
1181 309 1243 377 ζ’.

359 413 434 470 Τὸ
485 414 530 480 ζ’
570 412 840 487 θεώρημα
882 413 1116 480 πτώσεις
1154 418 1263 486 ἔχει
1303 414 1595 486 τέσσαρας·
1642 413 1676 486 ἢ
1717 415 1826 487 γὰρ
1867 411 1936 469 οὐ

239 503 544 576 συμβάλλει
584 501 617 574 ἡ
662 508 782 558 ΖΗ
812 512 879 576 τῇ
921 508 1034 559 ΑΓ
1074 500 1107 575 ἢ
1148 502 1452 574 συμβάλλει
1482 506 1683 575 τριχῶς
1713 499 1746 574 ἢ
1782 501 1937 568 ἐκτὸς

235 595 337 648 τοῦ
376 592 587 649 κύκλου
627 588 661 663 ἢ
703 591 859 658 ἐντὸς
898 588 931 663 ἢ
973 593 1061 648 ἐπὶ
1100 596 1203 648 τοῦ
1245 597 1298 648 Γ
1329 596 1577 664 σημείου.

177 789 202 828 5
248 803 250 808 2
911 771 1070 826 Μετὰ
1109 769 1172 826 τὸ
1214 770 1272 826 ι’.

350 871 470 943 Χρὴ
520 875 834 945 ἐπιστῆσαι,
883 872 968 930 ὅτι
1011 874 1077 930 τὰ
1117 878 1148 929 ἶ
1185 878 1357 930 ταῦτα
1396 873 1732 946 θεωρήματα
1771 870 1938 945 ἀλλή-

237 969 351 1018 λων
395 968 629 1035 ἔχονται.
693 961 836 1018 ἀλλὰ
877 964 940 1019 τὸ
982 967 1205 1035 πρῶτον
1249 968 1378 1035 ἔχει,
1420 963 1504 1018 ὅτι
1545 966 1608 1018 αἱ
1636 965 1696 1019 ἐν
1727 965 1794 1035 τῇ
1825 964 1936 1018 ἐπι-

238 1057 446 1127 φανείᾳ
491 1051 710 1108 εὐθεῖαι
757 1051 1027 1107 νεύουσαι
1075 1053 1160 1108 ἐπὶ
1209 1053 1312 1124 τὴν
1360 1050 1619 1124 κορυφὴν
1663 1053 1724 1108 ἐν
1764 1051 1936 1124 ταύτῃ

238 1142 529 1212 μένουσιν,
576 1140 638 1197 τὸ
682 1141 743 1196 δὲ
785 1141 1051 1212 δεύτερον
1091 1139 1153 1197 τὸ
1194 1139 1504 1211 ἀνάπαλιν,
1543 1139 1606 1196 τὸ
1647 1139 1709 1196 δὲ
1746 1144 1938 1210 τρίτον

149 1249 206 1289 1ο
241 1234 349 1301 ἔχει
396 1230 500 1301 τὴν
547 1231 640 1286 διὰ
686 1233 783 1301 τῆς
827 1234 1079 1301 κορυφῆς
1125 1233 1227 1286 τοῦ
1275 1230 1462 1286 κώνου
1508 1228 1708 1302 τομήν,
1762 1228 1825 1285 τὸ
1875 1228 1938 1285 δὲ

235 1319 499 1391 τέταρτον
546 1321 650 1391 τὴν
698 1319 1056 1392 παράλληλον
1102 1323 1167 1392 τῇ
1208 1318 1396 1389 βάσει,
1435 1317 1507 1392 Ῐτὸ
1548 1318 1795 1390 πέμπτον
1833 1316 1938 1388 τὴν

234 1405 603 1478 ὑπεναντίαν,
651 1408 713 1464 τὸ
763 1410 924 1464 ἕκτον
973 1406 1178 1464 ὡσανεὶ
1220 1407 1672 1479 προλαμβάνεται
1709 1409 1813 1463 τοῦ
1853 1407 1938 1477 ἕβ-

239 1497 419 1568 δόμου
467 1497 755 1568 δεικνύον,
805 1497 890 1552 ὅτι
938 1498 1028 1552 καὶ
1069 1495 1207 1565 πρὸς
1249 1495 1427 1570 ὀρθὰς
1466 1495 1680 1566 ὀφείλει
1719 1496 1940 1561 πάντως

238 1584 383 1642 εἶναι
431 1595 496 1659 τῇ
545 1587 821 1662 διαμέτρῳ
879 1589 982 1642 τοῦ
1029 1587 1238 1642 κύκλου
1285 1584 1318 1656 ἡ
1366 1584 1528 1656 κοινὴ
1575 1583 1715 1656 τομὴ
1764 1581 1940 1640 αὐτοῦ

154 1693 209 1732 15
242 1676 334 1730 καὶ
389 1679 491 1731 τοῦ
539 1677 845 1746 τέμνοντος
893 1675 1183 1744 ἐπιπέδου,
1239 1675 1330 1730 καὶ
1380 1671 1461 1729 ὅτι
1511 1673 1718 1729 τούτου
1765 1671 1942 1739 οὕτως

240 1769 465 1836 ἔχοντος
511 1766 573 1819 αἱ
614 1763 961 1836 παράλληλοι
1010 1762 1148 1837 αὐτῇ
1198 1766 1630 1834 διχοτομοῦνται
1675 1761 1785 1819 ὑπὸ
1835 1766 1938 1819 τοῦ

240 1852 540 1924 τριγώνου,
580 1851 642 1908 τὸ
687 1852 748 1908 δὲ
782 1855 1026 1924 ἕβδομον
1058 1851 1154 1917 τὰς
1186 1850 1356 1917 ἄλλας
1386 1863 1533 1924 τρεῖς
1562 1851 1735 1923 τομὰς
1767 1854 1938 1919 ἔδειξε

239 1943 331 1997 καὶ
385 1943 492 2012 τὴν
547 1941 847 2013 διάμετρον
901 1942 992 1997 καὶ
1049 1942 1146 2007 τὰς
1198 1938 1279 1996 ἐπ’
1333 1939 1512 2011 αὐτὴν
1561 1942 1942 2012 καταγομένας

243 2030 634 2102 παραλλήλους
672 2039 737 2103 τῇ
782 2033 842 2085 έν
881 2039 946 2103 τῇ
987 2029 1148 2099 βάσει
1181 2027 1391 2103 εὐθείᾳ.
1456 2031 1516 2084 ἐν
1550 2028 1613 2085 δὲ
1643 2033 1718 2105 τῷ
1755 2027 1940 2104 ὀγδόῳ

153 2138 211 2178 20
251 2123 563 2190 δείκνυσιν,
620 2117 753 2190 ὅπερ
804 2121 864 2174 ἐν
911 2130 1028 2184 τοῖς
1072 2118 1503 2192 προλεγομένοις
1550 2125 1803 2190 εἴπομεν,
1855 2117 1941 2174 ὅτι

236 2209 270 2279 ἡ
329 2209 619 2280 παραβολὴ
677 2210 769 2263 καὶ
817 2207 850 2279 ἡ
902 2206 1183 2279 ὑπερβολὴ
1231 2211 1343 2262 τῶν
1392 2210 1469 2271 εἰς
1515 2205 1752 2278 ἄπειρόν
1799 2210 1942 2262 εἰσιν

246 2295 597 2368 αὐξομένων,
645 2299 706 2353 ἐν
748 2298 810 2352 δὲ
848 2300 922 2371 τῷ
965 2296 1167 2371 ἐνάτῳ,
1222 2294 1306 2351 ὅτι
1353 2294 1386 2366 ἡ
1429 2300 1670 2361 ἔλλειψις
1709 2295 1938 2351 συννεύ·

245 2402 388 2440 ουσα
435 2390 513 2451 εἰς
559 2384 764 2455 ἑαυτὴν
814 2383 1019 2455 ὁμοίως
1056 2389 1132 2460 τῷ
1172 2383 1355 2459 κύκλῳ
1398 2382 1491 2438 διὰ
1529 2385 1591 2439 τὸ
1633 2382 1696 2439 τὸ
1736 2384 1940 2455 τέμνον

246 2476 508 2530 ἐπίπεδον
571 2479 901 2544 συμπίπτειν
957 2472 1296 2546 ἀμφοτέραις
1349 2484 1469 2538 ταῖς
1524 2478 1789 2542 πλευραῖς
1841 2475 1942 2528 τοῦ

156 2583 215 2622 25
250 2563 530 2635 τριγώνου
571 2561 671 2618 οὐκ
712 2567 827 2617 ἔστι
865 2562 1087 2627 κύκλος·
1128 2562 1367 2626 κύκλους
1404 2559 1511 2631 γὰρ
1552 2562 1782 2616 ἐποίουν
1817 2559 1853 2632 ἥ
1883 2583 1941 2617 τε

240 2649 553 2707 ὑπεναντία
591 2650 731 2720 τομὴ
773 2651 865 2705 καὶ
905 2649 939 2721 ἡ
979 2652 1352 2722 παράλληλος·
1392 2649 1485 2704 καὶ
1518 2652 1606 2704 δεῖ
1634 2650 1940 2720 ἐπιστῆσαι,

244 2737 328 2794 ὅτι
384 2737 417 2809 ἡ
476 2738 771 2810 διάμετρος
825 2742 922 2809 τῆς
975 2742 1145 2810 τομῆς
1196 2738 1282 2794 ἐπὶ
1330 2737 1432 2809 μὲν
1481 2740 1578 2808 τῆς
1625 2741 1946 2809 παραβολῆς

367 2906 407 2945 2.
442 2900 691 2959 τέσσαρας]
726 2913 839 2946 corr.
875 2915 930 2944 ex
963 2899 1183 2958 τέσσαρες
1213 2915 1273 2945 m.
1307 2905 1332 2944 2
1368 2899 1442 2943 W.
1597 2902 1638 2943 4.
1686 2900 1751 2958 Γ]
1788 2901 1944 2956 τρίτου

246 2960 368 3017 Wp,
413 2973 527 3005 corr.
564 2961 740 3006 Comm.
903 2965 942 3004 7.
984 2960 1201 3018 πρῶτον]
1235 2957 1289 3003 α’
1322 2973 1353 3016 p
1394 2960 1442 3002 et
1480 2956 1704 3003 similiizer
1742 2959 1943 3016 saepiae.
