2034 3216
238 143 311 195 34
907 141 1185 186 ΚΩΝῑΚῼΝ
1216 139 1281 186 δ’.

348 263 518 334 λέγω,
569 260 654 318 ὅτι
701 258 735 332 ἡ
785 259 879 316 διὰ
926 261 1040 316 τῶν
1088 264 1160 328 Κ,
1186 263 1253 313 Η
1291 262 1535 330 σημείων
1585 267 1938 329 συμπεσεῖται

235 355 301 424 τῇ
342 354 481 424 τομῇ
523 350 614 405 καὶ
653 349 1008 421 παράλληλος
1046 351 1198 403 ἔσται
1236 350 1302 419 τῇ
1343 344 1707 420 ἀσυμπτώτῳ,
1747 342 1835 416 ἐφ’
1872 337 1940 416 ἧς

235 442 350 496 ἐστι
382 443 443 495 τὸ
477 445 532 494 Δ
572 449 822 509 σημεῖον,
860 437 954 492 καὶ

234 526 268 600 ἡ
309 526 416 584 ἀπὸ
456 531 553 599 τῆς
585 525 956 598 συμπτώσεως

177 630 203 670 5
237 617 325 673 ἐπὶ
370 619 433 672 τὸ
475 624 531 672 Δ
577 614 823 688 ἀγομένη
865 617 956 687 ἑφ-

234 706 434 773 οέψεται
472 709 571 777 τῆς
608 708 794 776 τομῆς.

345 793 504 866 ἤχθω
559 792 665 865 γὰρ
718 794 951 865 ἐφαπτο-

233 884 371 954 μένη
427 880 461 954 ἡ
511 889 647 953 ΔΖ,
701 882 794 937 καὶ
846 881 953 936 ἀπὸ

232 975 334 1027 τοῦ
368 977 412 1026 Ζ
455 970 605 1043 παρὰ
636 971 740 1042 τὴν
780 968 954 1040 ἀσύμ-

148 1073 204 1113 10
236 1079 481 1131 πτωτον,
559 1058 647 1130 ἐφ’
713 1051 779 1130 ἧς
840 1060 954 1114 ἐστι

233 1151 295 1204 τὸ
358 1155 439 1219 Δ,
510 1146 670 1219 ἤχθω
734 1145 953 1203 εὐθεῖα·

233 1235 351 1308 ἥξει
391 1235 460 1307 δὴ
504 1235 598 1291 διὰ
636 1239 750 1292 τῶν
783 1242 854 1306 Κ,
879 1243 950 1293 H.
1014 1241 1065 1293 εἰ
1101 1235 1208 1310 γὰρ
1249 1236 1343 1309 μή,
1382 1235 1448 1292 τὰ
1487 1236 1763 1311 πρότερον
1794 1239 1934 1309 εἰρη·

235 1327 376 1396 μένα
416 1324 594 1380 ἄτοπα
635 1325 990 1397 συμβήσεται.

1031 1487 1140 1557 κβ’.

148 1604 203 1644 15
326 1592 619 1646 ''Eo'vmo‘av
668 1589 736 1661 δὴ
781 1588 986 1662 ὁμοίως
1025 1595 1086 1646 αἱ
1123 1589 1499 1663 ἄντικείμεναι
1537 1591 1630 1647 καὶ
1669 1593 1732 1646 αἱ
1765 1589 1936 1663 ἀσύμ-

234 1700 466 1749 πτωτοι,
520 1680 613 1734 καὶ
666 1681 728 1733 τὸ
776 1684 831 1732 Δ
886 1690 1118 1750 σημεῖον
1172 1677 1376 1751 ὁμοίως
1423 1679 1706 1751 εἰλήφθω,
1759 1679 1853 1735 καὶ
1901 1676 1937 1751 ἡ

234 1767 337 1838 μὲν
377 1773 488 1823 ΓΔ
499 1774 546 1823 Θ
583 1768 864 1838 τέμνουσα
902 1767 999 1834 τὰς
1036 1768 1226 1840 τομάς,
1265 1765 1300 1839 ἡ
1342 1769 1404 1824 δὲ
1436 1774 1547 1823 ΔΒ
1586 1766 1939 1839 παράλληλος

231 1860 298 1930 τῇ
326 1856 484 1930 ἑτέρᾳ
507 1859 619 1912 τῶν
647 1854 1048 1927 ἀσυμπτῶτων,
1072 1857 1162 1912 καὶ
1190 1859 1346 1926 ἔστω,
1372 1854 1444 1922 ὡς
1468 1854 1502 1928 ἡ
1523 1861 1627 1912 ΓΛ
1649 1859 1787 1929 πρὸς
1811 1863 1866 1912 Δ
1875 1863 1937 1929 Θ,

234 1942 267 2016 ἡ
309 1950 429 2000 ΓΗ
460 1948 599 2016 πρὸς
637 1950 768 2014 ΗΘ,
808 1948 874 2017 τῇ
917 1945 979 2000 δὲ
1018 1951 1130 1999 ΔΒ
1171 1952 1261 2016 ἴση
1301 1943 1335 2016 ἡ
1377 1950 1502 2001 ΒΚ.

143 2047 201 2087 20
345 2034 513 2104 λέγω,
571 2031 655 2089 ὅτι
704 2031 744 2104 ἡ
795 2033 888 2089 διὰ
934 2043 1048 2090 τῶν
1095 2040 1153 2089 Κ
1160 2040 1267 2105 ,Η
1305 2044 1661 2105 συμπεσεῖται
1708 2034 1936 2107 ἑκατέρᾳ

231 2124 346 2177 τῶν
386 2120 808 2194 ἀντικειμένων,
859 2123 952 2177 καὶ
1000 2125 1061 2177 αἰ
1104 2120 1215 2179 ἀπὸ
1243 2126 1375 2178 τῶν
1422 2121 1799 2194 συμπτωσεων
1846 2121 1936 2178 ἐπὶ

230 2213 292 2265 τὸ
334 2217 390 2265 Δ
429 2210 745 2282 ἐφάψονται
774 2214 888 2266 τῶν
927 2210 1339 2283 ἀντικειμένων.

346 2298 617 2370 ’ἤχθωσαν
657 2302 1035 2370 ἐφαπτόμεναι
1075 2303 1137 2354 αἱ
1172 2306 1302 2369 ΔΕ,
1330 2306 1456 2370 ΔΖ,
1495 2299 1588 2355 καὶ
1627 2298 1938 2371 ἐπεζεύχθω

232 2384 265 2457 ἡ
307 2393 414 2441 ΕΖ
460 2392 577 2458 καί,
630 2391 681 2442 εἰ
727 2387 996 2457 δυνατόν,
1046 2388 1119 2459 μὴ
1169 2390 1416 2460 ἐρχέσθω
1467 2386 1561 2443 διὰ
1606 2390 1720 2443 τῶν
1759 2392 1832 2458 Κ,
1856 2391 1935 2457 Η,

144 2487 202 2526 25
234 2472 356 2530 ἀλλ’
393 2473 518 2544 ἤτοι
567 2473 660 2530 διὰ
706 2479 810 2531 τοῦ
857 2476 1050 2549 ἑτέρου
1096 2472 1131 2547 ἢ
1180 2474 1254 2531 δι’
1292 2474 1594 2544 οὐδετέρου
1642 2473 1817 2546 [ἥξει].
1886 2478 1940 2530 εἰ

235 2561 338 2635 μὲν
379 2562 474 2617 διὰ
513 2566 615 2617 τοῦ
656 2569 713 2617 Η
750 2563 957 2634 μόνου,
1006 2562 1109 2620 οὐκ
1149 2568 1300 2620 ἔσται
1340 2561 1374 2634 ἡ
1415 2570 1527 2619 ΔΒ
1566 2572 1632 2636 τῇ
1673 2567 1789 2618 ΒΚ
1825 2569 1935 2633 ἴση,

232 2648 357 2706 ἀλλ’
403 2651 583 2725 ἑτέρα·
641 2648 775 2724 ὅπερ
831 2650 1056 2708 ἄτοπον.
1141 2655 1193 2707 εἰ
1238 2651 1300 2707 δὲ
1348 2651 1442 2707 διὰ
1488 2650 1672 2723 μόνου
1716 2653 1818 2706 τοῦ
1863 2654 1936 2721 Κ,

352 2818 391 2858 1.
423 2816 480 2869 Κ,
508 2815 558 2856 H
619 2825 696 2868 cv,
729 2825 865 2857 euan.
889 2812 950 2867 V;
995 2816 1054 2867 H,
1079 2816 1126 2856 Κ
1152 2828 1197 2870 p.
1330 2818 1369 2858 7.
1403 2808 1918 2928 §manvops'vfflgss

237 2870 507 2928 απτόμεναι
583 2904 594 2915 .
777 2876 849 2916 20.
889 2875 946 2926 K,
974 2872 1049 2944 H)
1091 2876 1151 2929 H,
1174 2875 1222 2916 K
1243 2872 1312 2945 V,
1358 2874 1415 2944 Κ,
1439 2876 1475 2915 Β
1506 2886 1559 2928 p;
1608 2883 1711 2915 corr
1793 2883 1868 2914 om

292 2935 364 2975 21.
401 2928 478 2987 αῖ]
513 2946 557 2988 Ρ,
591 2945 681 2976 om.
707 2930 762 2976 V.
893 2934 963 2975 25.
997 2931 1124 2989 ητοι]
1157 2946 1203 2988 Ρ,
1234 2927 1341 2987 ἤτοι
1372 2927 1404 2987 ἤ
1436 2929 1492 2975 V.
1623 2926 1748 2987 ἥξει]
1782 2885 1930 2974 ᾶοΙὲῃο.
