2046 3256
19 1238 36 1357 Ξ

786 152 1164 196 FRAGMENTA.
1711 151 1819 204 135

134 272 210 344 τῷ
254 274 308 325 Γ
337 276 481 340 ἴσον,
519 267 618 325 τὸν
658 267 829 324 αὐτὸν
867 269 960 324 καὶ
999 268 1175 344 τούτῳ
1214 269 1426 340 κατέχει
1461 270 1649 325 τόπον.
1726 270 1820 324 καὶ

132 357 196 414 τὸ
238 365 291 413 A
337 355 444 429 ἄρα
490 359 566 433 τῷ
609 362 662 412 Γ
709 355 806 413 τὸν
853 355 1024 413 αὐτὸν
1072 357 1284 428 κατέχει
1329 357 1522 413 τόπον·
1579 365 1671 413 ἴσα
1710 357 1820 428 ἄρα

134 447 299 502 ἐστίν.

245 580 330 633 55.
377 578 601 632 Proclus
640 579 697 631 in
737 579 908 633 Elem.
946 599 996 648 p.
1031 580 1154 649 279,
1191 581 1257 634 16
1279 600 1375 650 sq.:

239 677 608 744 Ἀπολλώνιος
660 678 720 734 δὲ
767 677 796 734 ὁ
842 685 1120 751 Περγαῖος
1165 681 1348 752 τέμνει
1392 681 1494 753 τὴν
1543 685 1814 737 δοθεῖσαν
1876 697 1906 737 5

130 766 364 823 εὐθεῖαν
402 767 819 840 πεπερασμένην
861 771 987 839 δίχα
1026 771 1229 824 τοῦτον
1268 768 1366 824 τὸν
1404 769 1628 842 τρόπον.

1390 863 1556 928 ἔστω,
1619 862 1817 930 φησίν,

1273 943 1306 1016 ἦ
1341 953 1448 1001 ΑΒ
1489 946 1683 1001 εὐθεῖα
1722 966 1815 1001 πε-

1270 1036 1603 1105 περασμένη,
1629 1030 1700 1104 ἣν
1728 1037 1820 1089 δεῖ

1269 1125 1397 1193 δίχα
1450 1133 1656 1192 τεμεῖν,
1716 1123 1806 1177 καὶ
1844 1135 1902 1174 10

1265 1212 1474 1284 κέντρῳ
1499 1213 1573 1284 τῷ
1594 1217 1661 1279 Α,
1690 1214 1809 1265 δια-

1267 1298 1498 1369 στήματι
1519 1298 1580 1353 δὲ
1601 1301 1676 1373 τῷ
1698 1303 1809 1353 ΑΒ

1264 1386 1570 1459 γεγράφθω
1585 1385 1808 1456 κύκλος,

1263 1475 1355 1529 καὶ
1395 1474 1563 1529 πάλιν
1593 1475 1803 1547 κέντρῳ

1264 1566 1337 1637 τῷ
1373 1569 1438 1632 Β,
1476 1561 1802 1632 διαστήματι
1845 1575 1899 1616 15

1283 1650 1344 1706 δὲ
1382 1653 1456 1726 τῷ
1490 1657 1600 1705 BA
1631 1649 1820 1721 ἕτερος

129 1741 353 1812 κύκλος,
400 1742 492 1797 καὶ
531 1742 838 1813 ἐπεζεύχθω
886 1739 920 1811 ἡ
969 1740 1057 1796 ἐπὶ
1105 1739 1199 1805 τὰς
1236 1738 1409 1810 τομὰς
1445 1742 1557 1795 τῶν
1596 1740 1817 1794 κύκλων

129 1827 165 1900 ἡ
201 1835 317 1886 ΓΛ.
391 1830 528 1900 αὕτη
572 1833 698 1901 δίχα
736 1830 919 1900 τέμνει
958 1828 1061 1899 τὴν
1098 1835 1206 1884 AB
1247 1829 1491 1884 εὐθεῖαν.

247 1918 664 1990 ἐπεζεύχθωσαν
715 1916 818 1991 γὰρ
867 1920 928 1972 αἱ
971 1923 1093 1988 ΓΑ,
1126 1923 1227 1972 ΓΒ
1276 1918 1367 1972 καὶ
1418 1919 1479 1971 αἱ
1522 1923 1656 1986 ΔΑ,
1690 1922 1818 1972 ΛΒ.

134 2011 251 2061 ἴσαι
289 2005 397 2077 ἄρα
437 2006 579 2062 εἰσὶν
621 2008 682 2060 αἱ
718 2010 834 2075 ΓΑ,
866 2010 990 2060 ΓΒ·
1038 2006 1268 2077 ἑκατέρα
1305 2003 1411 2077 γὰρ
1453 2011 1542 2075 ἴση
1582 2008 1647 2076 τῇ
1681 2011 1813 2059 ΑΒ·
1846 2017 1907 2056 20

130 2093 291 2164 κοινὴ
334 2095 395 2149 δὲ
433 2094 466 2164 ἡ
509 2097 636 2164 ΓΔ,
676 2094 768 2148 καὶ
806 2092 840 2164 ἡ
882 2100 991 2148 ΔΛ
1028 2101 1093 2166 τῇ
1136 2100 1245 2148 ΛΒ
1287 2100 1376 2164 ἴση
1420 2092 1510 2147 διὰ
1550 2094 1617 2146 τὰ
1658 2090 1818 2148 αὐτά.

131 2179 165 2248 ἡ
207 2179 314 2252 ἄρα
352 2179 462 2236 ὑπὸ
495 2186 658 2236 ΑΓΛ
697 2186 872 2251 γωνία
913 2187 1004 2252 ἴση
1043 2184 1109 2253 τῇ
1147 2181 1257 2236 ὑπὸ
1292 2185 1404 2235 ΒΓ
1399 2188 1453 2235 Λ
1465 2199 1473 2209 ·
1515 2179 1653 2236 ὥστε
1687 2184 1814 2252 δίχα

128 2271 386 2340 τέτμηται
423 2267 457 2340 ἡ
497 2275 605 2324 ΑΒ
647 2267 740 2324 διὰ
777 2268 839 2325 τὸ
879 2270 1155 2340 τέταρτον.

240 2358 467 2426 τοιαύτη
513 2361 596 2422 τίς
642 2359 791 2412 ἐστιν
845 2354 878 2426 ἡ
930 2355 1065 2411 κατὰ
1108 2354 1481 2413 Ἀπολλώνιον
1535 2360 1636 2413 τοῦ
1681 2376 1815 2428 προ-

131 2446 390 2516 κειμένου
421 2444 808 2517 προβλήματος
840 2446 1033 2512 [Elem.
1057 2447 1098 2516 Ι,
1131 2449 1225 2514 10]
1258 2443 1536 2512 ἀπόδειξις
1568 2444 1675 2501 ἀπὸ
1710 2445 1812 2516 μὲν
1845 2459 1903 2497 25

130 2535 234 2586 τοῦ
273 2531 608 2603 ἰσοπλεύρου
645 2532 924 2603 τριγώνου
963 2532 1054 2586 καὶ
1087 2530 1224 2603 αὐτὴ
1256 2540 1554 2604 ληφθεῖσα,
1593 2532 1717 2589 ἀντὶ
1752 2534 1814 2588 δὲ

129 2622 231 2674 τοῦ
278 2624 470 2690 λαβεῖν
520 2623 646 2692 δίχα
692 2620 1036 2691 τεμνομένην
1076 2618 1177 2691 τὴν
1215 2620 1353 2693 πρὸς
1389 2625 1464 2696 τῷ
1506 2627 1558 2676 Γ
1598 2625 1813 2691 γωνίαν

254 2872 322 2911 19.
355 2869 516 2911 καί-
541 2873 612 2913 20.
647 2869 751 2926 ΓΒ]
786 2868 960 2924 addidi,
994 2882 1082 2913 om.
1107 2868 1353 2912 Friedlein.
1451 2872 1521 2912 23.
1554 2865 1605 2927 ἡ]
1633 2869 1811 2927 scripsi,

131 2920 158 2967 ὁ
192 2925 436 2971 Friedlein.
559 2931 628 2972 24.
661 2925 713 2984 ἡ]
748 2927 926 2984 scripsi,
957 2929 1038 2970 καὶ
1068 2923 1097 2982 ἡ
1131 2926 1374 2971 Friedlein.
