2046 3256
151 1124 206 1164 10

156 1630 209 1669 15

157 2178 213 2217 20

160 2620 215 2659 25

231 176 343 229 204
704 176 1143 219 COMMENTARIA
1174 176 1457 229 ANTIQUA.

234 296 425 367 ρυφὴν
490 292 635 350 εἶναι
699 294 1027 365 ἐπιφανείας
1088 290 1122 364 ἢ
1178 294 1268 350 ἐπὶ
1320 297 1419 364 τῆς
1471 292 1620 349 κάτω
1677 296 1847 366 διχῶς
1899 289 1934 364 ἢ

234 385 483 454 ἐσωτέρω
530 386 633 439 τοῦ
679 382 893 439 κύκλου
939 381 974 454 ἢ
1026 384 1287 452 ἐξωτέρω.
1367 386 1457 438 δεῖ
1493 382 1554 438 δὲ
1595 381 1935 454 ἐφιστᾶνειν,

236 472 322 528 ὅτι
372 476 538 529 τοῦτο
587 474 649 528 τὸ
698 471 968 543 θεώρημα
1017 470 1330 542 εὑρίσκεται
1378 476 1440 527 ἔν
1484 489 1633 528 τισιν
1681 469 1939 544 ἀντιγρά-

234 584 365 632 φοις
419 560 556 617 ὅλον
613 560 707 616 διὰ
763 565 859 631 τῆς
913 565 992 626 εἰς
1047 559 1332 617 ἀδύνατον
1381 560 1680 632 ἀπαγωγῆς
1728 564 1937 632 δεδειγ-

234 652 423 722 μένον.

938 744 1038 804 Εἰς
1075 739 1138 796 τὸ
1178 739 1252 811 γ’.

352 842 427 899 Τὸ
468 843 525 914 γ’
566 843 836 916 θεώρημα
876 846 1087 899 πτῶσιν
1129 841 1231 899 οὐκ
1273 848 1394 915 ἔχει.
1460 847 1550 900 δεῖ
1587 844 1650 900 δὲ
1693 845 1754 900 ἐν
1787 842 1938 919 αὐτῷ

238 935 553 1004 ἐπιστῆσαι,
604 934 687 989 ’ὅτι
738 931 771 1004 ἡ
812 940 919 989 ΑΒ
960 931 1158 989 εὐθεῖά
1200 936 1315 989 ἐστι
1356 932 1448 989 διὰ
1488 933 1551 990 τὸ
1593 933 1756 1005 κοινὴ
1798 933 1936 1005 τομὴ

240 1021 386 1078 εἶναι
425 1031 526 1079 τοῦ
566 1023 866 1094 τέμνοντος
907 1024 1175 1079 ἐπιπέδου
1215 1022 1307 1077 καὶ
1339 1031 1436 1094 τῆς
1477 1024 1803 1094 ἐπιφανείας
1839 1024 1942 1078 τοῦ

237 1113 452 1181 κώνου,
507 1109 626 1182 ἥτις
678 1109 787 1166 ὑπὸ
838 1108 1066 1177 εὐθείας
1113 1111 1330 1184 ἐγράφη
1378 1109 1442 1167 τὸ
1490 1113 1662 1181 πέρας
1708 1109 1943 1183 ἐχούσης

238 1202 413 1272 μένον
452 1200 593 1273 πρὸς
630 1204 695 1274 τῇ
735 1204 959 1274 κορυφῇ
998 1204 1096 1272 τῆς
1135 1199 1478 1270 ἐπιφανείας.
1543 1200 1611 1256 οὐ
1651 1199 1759 1271 γὰρ
1792 1207 1942 1255 πᾶσα

240 1288 539 1361 ἐπιφάνεια
586 1287 696 1345 ὑπὸ
746 1289 1013 1346 ἐπιπέδου
1058 1291 1370 1362 τεμνομένη
1418 1291 1524 1361 τὴν
1570 1290 1750 1361 τομὴν
1796 1299 1949 1345 ποιεῖ

241 1377 494 1450 εὐθεῖαν,
530 1377 664 1434 οὐδὲ
706 1377 875 1445 αὐτὸς
916 1377 944 1434 ὁ
986 1383 1185 1449 κῶνος,
1227 1383 1278 1435 εἰ
1315 1380 1388 1451 μὴ
1431 1377 1524 1434 διὰ
1563 1382 1660 1450 τῆς
1694 1380 1946 1450 κορυφῆς

242 1473 381 1541 ἔλθῃ
422 1467 485 1523 τὸ
523 1469 728 1539 τέμνον
768 1466 1048 1523 ἐπίπεδον.

944 1620 1046 1682 Εἰς
1084 1618 1146 1672 τὸ
1191 1616 1262 1672 δ’.

343 1724 420 1775 Αἱ
433 1719 667 1786 πτώσεις
689 1719 897 1776 τούτου
919 1723 1019 1775 τοῦ
1043 1720 1408 1792 θεωρήματος
1431 1731 1579 1790 τρεῖς
1597 1723 1741 1775 εἰσιν
1761 1717 1945 1789 ὥσπερ

244 1810 335 1865 καὶ
376 1812 478 1865 τοῦ
517 1808 744 1880 πρώτου
782 1809 874 1864 καὶ
918 1811 1197 1879 δευτέρου.

943 1976 1043 2036 Εἰς
1083 1971 1145 2027 τὸ
1189 1971 1252 2027 ε’.

367 2073 441 2130 Τὸ
481 2077 730 2146 πέμπτον
769 2074 1041 2147 θεώρημα
1072 2079 1284 2132 πτῶσιν
1318 2074 1420 2132 οὐκ
1451 2080 1575 2149 ἔχει.
1639 2074 1949 2147 ἀρχόμενος

248 2164 310 2220 δὲ
363 2168 461 2235 τῆς
507 2162 779 2230 ἑκθέσεώς
826 2181 1024 2236 φησιν·
1079 2164 1425 2236 τετμήσθω
1475 2162 1505 2220 ὁ
1553 2173 1764 2230 κῶνος
1810 2162 1946 2219 ἐπι-

245 2255 414 2329 πέδῳ
480 2251 588 2308 διὰ
645 2262 759 2309 τοῦ
817 2254 1056 2319 ἄξονος
1116 2252 1293 2327 ὀρθῷ
1351 2252 1513 2325 πρὸς
1566 2252 1677 2325 τὴν
1731 2251 1949 2323 βάσιν.

247 2341 436 2413 ἐπειδὴ
496 2342 558 2397 δὲ
612 2340 675 2397 ἐν
730 2345 805 2417 τῷ
863 2346 1118 2419 σκαληνῷ
1173 2342 1336 2418 κώνῳ
1391 2343 1530 2398 κατὰ
1584 2347 1719 2414 μίαν
1766 2342 1944 2413 μόνον

246 2432 414 2486 θέσιν
460 2429 522 2485 τὸ
573 2431 665 2485 διὰ
713 2435 817 2486 τοῦ
864 2430 1064 2496 ἄξονος
1109 2434 1387 2502 τρίγωνον
1427 2427 1612 2503 ὀρθόν
1653 2428 1768 2486 ἐστι
1806 2428 1947 2501 πρὸς

235 2519 350 2597 ,τὴν
391 2518 585 2589 βάσιν,
626 2527 792 2574 τοῦτο
827 2519 1135 2590 ποιήσομεν
1176 2519 1373 2584 οὕτως·
1418 2519 1685 2590 λαβόντες
1723 2517 1786 2574 τὸ
1825 2518 1948 2574 κέν-

248 2630 385 2681 τρον
425 2611 523 2679 τῆς
562 2606 778 2677 βάσεως
818 2605 1208 2679 ἄναστήσομεν
1247 2605 1341 2663 ἀπ’
1390 2608 1567 2663 αὐτοῦ
1598 2610 1673 2682 τῷ
1705 2605 1946 2682 ἐπιπέδῳ

249 2701 346 2768 τῆς
386 2696 601 2767 βάσεως
640 2695 778 2766 πρὸς
819 2695 1001 2768 ὀρθὰς
1039 2697 1131 2751 καὶ
1169 2694 1242 2752 δι’
1288 2695 1459 2767 αὐτῆς
1491 2697 1585 2751 καὶ
1613 2699 1715 2751 τοῦ
1748 2695 1949 2761 ἄξονος

249 2783 610 2856 ἐκβάλλοντες
648 2783 912 2840 ἐπίπεδον
947 2786 1142 2855 ἕξομεν
1172 2785 1234 2840 τὸ
1271 2784 1630 2855 ζητούμενον·
1673 2785 1946 2839 δέδεικται

372 2922 410 2962 7.
455 2919 555 2976 δεῖ]
599 2933 622 2962 e
655 2931 770 2963 corr.
803 2931 849 2974 p.
1002 2918 1115 2962 Post
1154 2915 1207 2961 δέ
1248 2917 1336 2962 del.
1379 2914 1407 2973 ἡ
1441 2921 1522 2962 AB
1557 2914 1730 2961 εὐθεῖά
1766 2913 1864 2961 ἐστι
1900 2930 1945 2972 p.

311 2982 351 3021 8.
403 2975 526 3021 ἐστιν
565 2977 639 3021 W.
744 3021 748 3024 ,
798 2982 862 3022 17.
913 2978 999 3020 καί
1025 2977 1152 3035 (pr.)]
1201 2974 1255 3020 αἴ
1289 2993 1333 3034 p.
1489 2980 1556 3020 18.
1607 2974 1692 3027 Εἰς
1730 2973 1804 3034 τό]
1851 2989 1946 3031 mg.
