<?xml version="1.0" encoding="UTF-8"?>
<!DOCTYPE html PUBLIC "-//W3C//DTD XHTML 1.0 Transitional//EN"
    "http://www.w3.org/TR/xhtml1/DTD/xhtml1-transitional.dtd">
<html xmlns="http://www.w3.org/1999/xhtml" xml:lang="en" lang="en">
 <head>
  <title>
</title>
<meta http-equiv="Content-Type" content="text/html;charset=utf-8" />
  <meta name='ocr-system' content='tesseract 3.04.00' />
  <meta name='ocr-capabilities' content='ocr_page ocr_carea ocr_par ocr_line ocrx_word'/>
</head>
<body>
  <div class='ocr_page' id='page_1' title='image "apolloniipergaei02apoluoft_0180.png"; bbox 0 0 2046 3256; ppageno 0'>
   <div class='ocr_carea' id='block_1_1' title="bbox 221 153 1267 211">
    <p class='ocr_par' dir='ltr' id='par_1_1' title="bbox 221 153 1267 211">
     <span class='ocr_line' id='line_1_1' title="bbox 221 153 1267 211; baseline -0.009 0"><span class='ocrx_word' id='word_1_1' title='bbox 221 157 293 211; x_wconf 83' lang='grc'><em>88</em></span> <span class='ocrx_word' id='word_1_2' title='bbox 890 156 1170 202; x_wconf 79' lang='grc' dir='ltr'>ΚῼΝῘΚΩΝ</span> <span class='ocrx_word' id='word_1_3' title='bbox 1201 153 1267 202; x_wconf 77' lang='grc' dir='ltr'><em>δ’.</em></span> 
     </span>
    </p>
   </div>
   <div class='ocr_carea' id='block_1_2' title="bbox 158 273 1931 705">
    <p class='ocr_par' dir='ltr' id='par_1_2' title="bbox 335 273 1928 348">
     <span class='ocr_line' id='line_1_2' title="bbox 335 273 1928 348; baseline -0.001 -15"><span class='ocrx_word' id='word_1_4' title='bbox 335 273 477 333; x_wconf 84' lang='grc' dir='ltr'><em>ἀλλὰ</em></span> <span class='ocrx_word' id='word_1_5' title='bbox 519 274 589 348; x_wconf 82' lang='grc' dir='ltr'><em>δὴ</em></span> <span class='ocrx_word' id='word_1_6' title='bbox 630 274 664 347; x_wconf 79' lang='grc' dir='ltr'><em>ἡ</em></span> <span class='ocrx_word' id='word_1_7' title='bbox 705 279 937 332; x_wconf 88' lang='grc' dir='ltr'><em>ΑΒΓΔ</em></span> <span class='ocrx_word' id='word_1_8' title='bbox 975 273 1078 348; x_wconf 85' lang='grc' dir='ltr'><em>τὴν</em></span> <span class='ocrx_word' id='word_1_9' title='bbox 1118 275 1220 348; x_wconf 78' lang='grc' dir='ltr'><em>μὲν</em></span> <span class='ocrx_word' id='word_1_10' title='bbox 1261 281 1369 330; x_wconf 94' lang='grc' dir='ltr'><em>ΑΒ</em></span> <span class='ocrx_word' id='word_1_11' title='bbox 1408 276 1649 347; x_wconf 83' lang='grc' dir='ltr'><strong><em>τεμνέτω</em></strong></span> <span class='ocrx_word' id='word_1_12' title='bbox 1688 273 1827 332; x_wconf 81' lang='grc' dir='ltr'><em>κατὰ</em></span> <span class='ocrx_word' id='word_1_13' title='bbox 1860 273 1928 331; x_wconf 81' lang='grc' dir='ltr'><em>τὰ</em></span> 
     </span>
    </p>

    <p class='ocr_par' dir='ltr' id='par_1_3' title="bbox 158 362 1931 705">
     <span class='ocr_line' id='line_1_3' title="bbox 220 362 1931 439; baseline -0.001 -17"><span class='ocrx_word' id='word_1_14' title='bbox 220 374 289 439; x_wconf 90' lang='grc' dir='ltr'><em>Α,</em></span> <span class='ocrx_word' id='word_1_15' title='bbox 315 372 381 436; x_wconf 88' lang='grc' dir='ltr'><em>Β,</em></span> <span class='ocrx_word' id='word_1_16' title='bbox 422 367 526 438; x_wconf 84' lang='grc' dir='ltr'><em>τὴν</em></span> <span class='ocrx_word' id='word_1_17' title='bbox 560 364 622 421; x_wconf 73' lang='grc' dir='ltr'><em>δὲ</em></span> <span class='ocrx_word' id='word_1_18' title='bbox 647 369 701 421; x_wconf 89' lang='grc' dir='ltr'><em>Γ</em></span> <span class='ocrx_word' id='word_1_19' title='bbox 731 362 864 420; x_wconf 81' lang='grc' dir='ltr'><em>καθ’</em></span> <span class='ocrx_word' id='word_1_20' title='bbox 894 367 956 421; x_wconf 75' lang='grc' dir='ltr'><em>ἓν</em></span> <span class='ocrx_word' id='word_1_21' title='bbox 986 362 1050 420; x_wconf 85' lang='grc' dir='ltr'><em>τὸ</em></span> <span class='ocrx_word' id='word_1_22' title='bbox 1078 369 1143 436; x_wconf 91' lang='grc' dir='ltr'><em>Γ,</em></span> <span class='ocrx_word' id='word_1_23' title='bbox 1185 362 1260 430; x_wconf 81' lang='grc' dir='ltr'><em>ὡς</em></span> <span class='ocrx_word' id='word_1_24' title='bbox 1284 368 1392 436; x_wconf 88' lang='grc' dir='ltr'><em>ἔχει</em></span> <span class='ocrx_word' id='word_1_25' title='bbox 1418 364 1506 420; x_wconf 81' lang='grc' dir='ltr'><em>ἐπὶ</em></span> <span class='ocrx_word' id='word_1_26' title='bbox 1537 367 1636 436; x_wconf 88' lang='grc' dir='ltr'><em>τῆς</em></span> <span class='ocrx_word' id='word_1_27' title='bbox 1668 365 1931 437; x_wconf 79' lang='grc' dir='ltr'><strong><em>δευτέρας</em></strong></span> 
     </span>
     <span class='ocr_line' id='line_1_4' title="bbox 220 449 1930 527; baseline 0 -17"><span class='ocrx_word' id='word_1_28' title='bbox 220 458 603 527; x_wconf 76' lang='grc' dir='ltr'><em>καταγραφῆς·</em></span> <span class='ocrx_word' id='word_1_29' title='bbox 651 451 686 525; x_wconf 81' lang='grc' dir='ltr'><em>ἡ</em></span> <span class='ocrx_word' id='word_1_30' title='bbox 728 459 831 508; x_wconf 91' lang='grc' dir='ltr'><em>ΕΖ</em></span> <span class='ocrx_word' id='word_1_31' title='bbox 877 451 986 526; x_wconf 72' lang='grc' dir='ltr'><em>ἄρα</em></span> <span class='ocrx_word' id='word_1_32' title='bbox 1028 455 1094 526; x_wconf 83' lang='grc' dir='ltr'><em>τῇ</em></span> <span class='ocrx_word' id='word_1_33' title='bbox 1133 457 1187 508; x_wconf 94' lang='grc' dir='ltr'><em>Γ</em></span> <span class='ocrx_word' id='word_1_34' title='bbox 1221 449 1289 508; x_wconf 80' lang='grc' dir='ltr'><em>οὐ</em></span> <span class='ocrx_word' id='word_1_35' title='bbox 1330 464 1702 524; x_wconf 81' lang='grc' dir='ltr'><em>συμπεσεῖται.</em></span> <span class='ocrx_word' id='word_1_36' title='bbox 1778 457 1830 510; x_wconf 84' lang='grc' dir='ltr'><em>εἰ</em></span> <span class='ocrx_word' id='word_1_37' title='bbox 1867 453 1930 510; x_wconf 76' lang='grc' dir='ltr'><em>δὲ</em></span> 
     </span>
     <span class='ocr_line' id='line_1_5' title="bbox 221 536 1928 617; baseline -0.001 -17"><span class='ocrx_word' id='word_1_38' title='bbox 221 548 288 617; x_wconf 79' lang='grc' dir='ltr'><em>τῇ</em></span> <span class='ocrx_word' id='word_1_39' title='bbox 335 549 446 599; x_wconf 94' lang='grc' dir='ltr'><em>ΑΒ</em></span> <span class='ocrx_word' id='word_1_40' title='bbox 496 542 803 615; x_wconf 81' lang='grc' dir='ltr'><em>συμβάλλει</em></span> <span class='ocrx_word' id='word_1_41' title='bbox 849 539 884 614; x_wconf 82' lang='grc' dir='ltr'><em>ἡ</em></span> <span class='ocrx_word' id='word_1_42' title='bbox 925 547 1055 612; x_wconf 89' lang='grc' dir='ltr'><em>ΕΖ,</em></span> <span class='ocrx_word' id='word_1_43' title='bbox 1093 538 1226 597; x_wconf 82' lang='grc' dir='ltr'><em>καθ’</em></span> <span class='ocrx_word' id='word_1_44' title='bbox 1279 543 1342 597; x_wconf 78' lang='grc' dir='ltr'><em>ἓν</em></span> <span class='ocrx_word' id='word_1_45' title='bbox 1383 541 1565 613; x_wconf 91' lang='grc' dir='ltr'><em>μόνον</em></span> <span class='ocrx_word' id='word_1_46' title='bbox 1604 536 1928 614; x_wconf 82' lang='grc' dir='ltr'><em>συμβάλλει·</em></span> 
     </span>
     <span class='ocr_line' id='line_1_6' title="bbox 158 627 1929 705; baseline 0.001 -20"><span class='ocrx_word' id='word_1_47' title='bbox 158 646 184 684; x_wconf 83' lang='lat'>5</span> <span class='ocrx_word' id='word_1_48' title='bbox 219 637 271 688; x_wconf 80' lang='grc' dir='ltr'><em>εἰ</em></span> <span class='ocrx_word' id='word_1_49' title='bbox 321 631 429 705; x_wconf 82' lang='grc' dir='ltr'><em>γὰρ</em></span> <span class='ocrx_word' id='word_1_50' title='bbox 486 631 626 688; x_wconf 80' lang='grc' dir='ltr'><em>κατὰ</em></span> <span class='ocrx_word' id='word_1_51' title='bbox 683 630 788 687; x_wconf 80' lang='grc' dir='ltr'><em>δύο</em></span> <span class='ocrx_word' id='word_1_52' title='bbox 837 630 1144 703; x_wconf 82' lang='grc' dir='ltr'><em>συμβάλλει</em></span> <span class='ocrx_word' id='word_1_53' title='bbox 1190 633 1258 704; x_wconf 77' lang='grc' dir='ltr'><em>τῇ</em></span> <span class='ocrx_word' id='word_1_54' title='bbox 1304 636 1441 702; x_wconf 88' lang='grc' dir='ltr'><em>ΑΒ,</em></span> <span class='ocrx_word' id='word_1_55' title='bbox 1497 627 1531 702; x_wconf 79' lang='grc' dir='ltr'>ἡ</span> <span class='ocrx_word' id='word_1_56' title='bbox 1579 627 1929 703; x_wconf 71' lang='grc' dir='ltr'><em>ἀντικειμένη</em></span> 
     </span>
    </p>
   </div>
   <div class='ocr_carea' id='block_1_3' title="bbox 218 717 2029 796">
    <p class='ocr_par' dir='ltr' id='par_1_4' title="bbox 218 717 2029 796">
     <span class='ocr_line' id='line_1_7' title="bbox 218 717 2029 796; baseline -0.001 -18"><span class='ocrx_word' id='word_1_57' title='bbox 218 721 359 796; x_wconf 81' lang='grc' dir='ltr'><em>αὐτῇ</em></span> <span class='ocrx_word' id='word_1_58' title='bbox 407 720 442 794; x_wconf 81' lang='grc' dir='ltr'>ἡ</span> <span class='ocrx_word' id='word_1_59' title='bbox 484 726 657 777; x_wconf 87' lang='grc' dir='ltr'><em>ΑΒΓ</em></span> <span class='ocrx_word' id='word_1_60' title='bbox 698 724 764 794; x_wconf 81' lang='grc' dir='ltr'><em>τῇ</em></span> <span class='ocrx_word' id='word_1_61' title='bbox 814 721 973 794; x_wconf 78' lang='grc' dir='ltr'><em>ἑτέρᾳ</em></span> <span class='ocrx_word' id='word_1_62' title='bbox 1020 720 1373 793; x_wconf 80' lang='grc' dir='ltr'><em>ἀντικειμένῃ</em></span> <span class='ocrx_word' id='word_1_63' title='bbox 1418 722 1483 793; x_wconf 81' lang='grc' dir='ltr'><em>τῇ</em></span> <span class='ocrx_word' id='word_1_64' title='bbox 1523 724 1577 775; x_wconf 94' lang='grc' dir='ltr'>Γ</span> <span class='ocrx_word' id='word_1_65' title='bbox 1618 717 1687 776; x_wconf 81' lang='grc' dir='ltr'><em>οὐ</em></span> <span class='ocrx_word' id='word_1_66' title='bbox 1727 736 1930 792; x_wconf 80' lang='grc' dir='ltr'><em>συμπε-</em></span> <span class='ocrx_word' id='word_1_67' title='bbox 2027 748 2029 750; x_wconf 89' lang='grc'><em>·</em></span> 
     </span>
    </p>
   </div>
   <div class='ocr_carea' id='block_1_4' title="bbox 128 807 1937 2482">
    <p class='ocr_par' dir='ltr' id='par_1_5' title="bbox 128 807 1937 2482">
     <span class='ocr_line' id='line_1_8' title="bbox 218 807 1842 880; baseline -0.004 -13"><span class='ocrx_word' id='word_1_68' title='bbox 218 823 415 867; x_wconf 85' lang='grc' dir='ltr'><em>σεῖται·</em></span> <span class='ocrx_word' id='word_1_69' title='bbox 455 809 745 866; x_wconf 83' lang='grc' dir='ltr'><em>ὑπόκειται</em></span> <span class='ocrx_word' id='word_1_70' title='bbox 786 808 846 865; x_wconf 77' lang='grc' dir='ltr'><em>δὲ</em></span> <span class='ocrx_word' id='word_1_71' title='bbox 885 807 1018 864; x_wconf 81' lang='grc' dir='ltr'><em>καθ’</em></span> <span class='ocrx_word' id='word_1_72' title='bbox 1065 811 1126 864; x_wconf 77' lang='grc' dir='ltr'><em>ἓν</em></span> <span class='ocrx_word' id='word_1_73' title='bbox 1164 810 1227 865; x_wconf 91' lang='grc' dir='ltr'><em>τὸ</em></span> <span class='ocrx_word' id='word_1_74' title='bbox 1271 814 1324 864; x_wconf 94' lang='grc' dir='ltr'><em>Γ</em></span> <span class='ocrx_word' id='word_1_75' title='bbox 1356 807 1770 880; x_wconf 89' lang='grc' dir='ltr'><em>συμβάλλουσα.</em></span> <span class='ocrx_word' id='word_1_76' title='bbox 1840 857 1842 859; x_wconf 89' lang='grc'><strong>.</strong></span> 
     </span>
     <span class='ocr_line' id='line_1_9' title="bbox 330 894 1937 971; baseline -0.002 -15"><span class='ocrx_word' id='word_1_77' title='bbox 330 904 382 956; x_wconf 78' lang='grc' dir='ltr'><em>εἰ</em></span> <span class='ocrx_word' id='word_1_78' title='bbox 420 900 500 970; x_wconf 82' lang='grc' dir='ltr'><em>δέ,</em></span> <span class='ocrx_word' id='word_1_79' title='bbox 543 897 618 965; x_wconf 75' lang='grc' dir='ltr'><em>ὡς</em></span> <span class='ocrx_word' id='word_1_80' title='bbox 658 903 769 971; x_wconf 80' lang='grc' dir='ltr'><em>ἔχει</em></span> <span class='ocrx_word' id='word_1_81' title='bbox 802 897 889 954; x_wconf 83' lang='grc' dir='ltr'><em>ἐπὶ</em></span> <span class='ocrx_word' id='word_1_82' title='bbox 928 901 1027 969; x_wconf 92' lang='grc' dir='ltr'><em>τῆς</em></span> <span class='ocrx_word' id='word_1_83' title='bbox 1064 901 1252 969; x_wconf 79' lang='grc' dir='ltr'><em>τρίτης</em></span> <span class='ocrx_word' id='word_1_84' title='bbox 1282 900 1659 970; x_wconf 75' lang='grc' dir='ltr'><em>καταγραφῆς,</em></span> <span class='ocrx_word' id='word_1_85' title='bbox 1692 894 1727 970; x_wconf 86' lang='grc' dir='ltr'><em>ῆ</em></span> <span class='ocrx_word' id='word_1_86' title='bbox 1760 902 1937 953; x_wconf 92' lang='grc' dir='ltr'><em>ΑΒΓ</em></span> 
     </span>
     <span class='ocr_line' id='line_1_10' title="bbox 217 985 1932 1061; baseline -0.001 -17"><span class='ocrx_word' id='word_1_87' title='bbox 217 988 323 1060; x_wconf 82' lang='grc' dir='ltr'><em>τὴν</em></span> <span class='ocrx_word' id='word_1_88' title='bbox 364 988 466 1061; x_wconf 78' lang='grc' dir='ltr'><em>μὲν</em></span> <span class='ocrx_word' id='word_1_89' title='bbox 498 994 673 1043; x_wconf 89' lang='grc' dir='ltr'><em>ΑΒΕ</em></span> <span class='ocrx_word' id='word_1_90' title='bbox 707 988 893 1059; x_wconf 82' lang='grc' dir='ltr'><em>τέμνει</em></span> <span class='ocrx_word' id='word_1_91' title='bbox 932 986 1070 1042; x_wconf 81' lang='grc' dir='ltr'><em>κατὰ</em></span> <span class='ocrx_word' id='word_1_92' title='bbox 1113 986 1217 1043; x_wconf 78' lang='grc' dir='ltr'><em>δύο</em></span> <span class='ocrx_word' id='word_1_93' title='bbox 1258 985 1324 1043; x_wconf 83' lang='grc' dir='ltr'><em>τὰ</em></span> <span class='ocrx_word' id='word_1_94' title='bbox 1356 992 1427 1057; x_wconf 89' lang='grc' dir='ltr'><em>Α,</em></span> <span class='ocrx_word' id='word_1_95' title='bbox 1460 992 1526 1058; x_wconf 91' lang='grc' dir='ltr'><em>Β,</em></span> <span class='ocrx_word' id='word_1_96' title='bbox 1564 989 1631 1060; x_wconf 82' lang='grc' dir='ltr'><em>τῇ</em></span> <span class='ocrx_word' id='word_1_97' title='bbox 1666 985 1728 1042; x_wconf 76' lang='grc' dir='ltr'><em>δὲ</em></span> <span class='ocrx_word' id='word_1_98' title='bbox 1759 992 1932 1042; x_wconf 90' lang='grc' dir='ltr'><em>ΑΒΕ</em></span> 
     </span>
     <span class='ocr_line' id='line_1_11' title="bbox 128 1074 1110 1150; baseline -0.006 -15"><span class='ocrx_word' id='word_1_99' title='bbox 128 1089 185 1129; x_wconf 90' lang='grc'><em>10</em></span> <span class='ocrx_word' id='word_1_100' title='bbox 218 1078 521 1150; x_wconf 88' lang='grc' dir='ltr'><em>συμβάλλει</em></span> <span class='ocrx_word' id='word_1_101' title='bbox 587 1074 620 1148; x_wconf 85' lang='grc' dir='ltr'><em>ῆ</em></span> <span class='ocrx_word' id='word_1_102' title='bbox 684 1083 815 1147; x_wconf 89' lang='grc' dir='ltr'><em>ΕΖ,</em></span> <span class='ocrx_word' id='word_1_103' title='bbox 1059 1091 1110 1135; x_wconf 85' lang='grc' dir='ltr'><em>Α</em></span> 
     </span>
     <span class='ocr_line' id='line_1_12' title="bbox 216 1166 816 1240; baseline -0.002 -18"><span class='ocrx_word' id='word_1_104' title='bbox 216 1170 283 1240; x_wconf 82' lang='grc' dir='ltr'><em>τῇ</em></span> <span class='ocrx_word' id='word_1_105' title='bbox 324 1167 427 1239; x_wconf 74' lang='grc' dir='ltr'><em>μὲν</em></span> <span class='ocrx_word' id='word_1_106' title='bbox 468 1173 523 1221; x_wconf 91' lang='grc' dir='ltr'><em>Δ</em></span> <span class='ocrx_word' id='word_1_107' title='bbox 572 1166 639 1221; x_wconf 87' lang='grc' dir='ltr'><em>οὐ</em></span> <span class='ocrx_word' id='word_1_108' title='bbox 682 1182 816 1236; x_wconf 89' lang='grc' dir='ltr'><em>συμ-</em></span> 
     </span>
     <span class='ocr_line' id='line_1_13' title="bbox 216 1254 820 1327; baseline -0.003 -17"><span class='ocrx_word' id='word_1_109' title='bbox 216 1267 480 1325; x_wconf 83' lang='grc' dir='ltr'><em>πεσεῖται,</em></span> <span class='ocrx_word' id='word_1_110' title='bbox 497 1257 562 1327; x_wconf 80' lang='grc' dir='ltr'><em>τῆ</em></span> <span class='ocrx_word' id='word_1_111' title='bbox 583 1254 644 1309; x_wconf 79' lang='grc' dir='ltr'><em>δὲ</em></span> <span class='ocrx_word' id='word_1_112' title='bbox 661 1260 820 1309; x_wconf 92' lang='grc' dir='ltr'><em>ΑΒΕ</em></span> 
     </span>
     <span class='ocr_line' id='line_1_14' title="bbox 267 1342 765 1415; baseline -0.002 -16"><span class='ocrx_word' id='word_1_113' title='bbox 267 1347 656 1415; x_wconf 89' lang='grc' dir='ltr'><em>συμπίπτουσα</em></span> <span class='ocrx_word' id='word_1_114' title='bbox 696 1342 765 1398; x_wconf 85' lang='grc' dir='ltr'><em>οὐ</em></span> 
     </span>
     <span class='ocr_line' id='line_1_15' title="bbox 251 1433 1215 1519; baseline -0.003 -31"><span class='ocrx_word' id='word_1_115' title='bbox 251 1443 611 1504; x_wconf 79' lang='grc' dir='ltr'><em>συμπεσεῖται</em></span> <span class='ocrx_word' id='word_1_116' title='bbox 650 1433 788 1487; x_wconf 79' lang='grc' dir='ltr'><em>κατὰ</em></span> <span class='ocrx_word' id='word_1_117' title='bbox 888 1442 1215 1519; x_wconf 45' lang='grc' dir='ltr'><em>Λ</em></span> 
     </span>
     <span class='ocr_line' id='line_1_16' title="bbox 128 1517 816 1592; baseline 0.003 -19"><span class='ocrx_word' id='word_1_118' title='bbox 128 1534 185 1574; x_wconf 83' lang='grc'><em>15</em></span> <span class='ocrx_word' id='word_1_119' title='bbox 218 1525 450 1577; x_wconf 86' lang='grc' dir='ltr'><em>πλείονα</em></span> <span class='ocrx_word' id='word_1_120' title='bbox 521 1532 720 1592; x_wconf 89' lang='grc' dir='ltr'><em>σημεῖα</em></span> <span class='ocrx_word' id='word_1_121' title='bbox 781 1517 816 1591; x_wconf 79' lang='grc' dir='ltr'><em>ἢ</em></span> 
     </span>
     <span class='ocr_line' id='line_1_17' title="bbox 221 1609 341 1665; baseline -0.008 0"><span class='ocrx_word' id='word_1_122' title='bbox 221 1609 341 1665; x_wconf 80' lang='grc' dir='ltr'><em>δύο.</em></span> 
     </span>
     <span class='ocr_line' id='line_1_18' title="bbox 334 1695 1929 1771; baseline 0.001 -18"><span class='ocrx_word' id='word_1_123' title='bbox 334 1701 385 1753; x_wconf 78' lang='grc' dir='ltr'><em>εἰ</em></span> <span class='ocrx_word' id='word_1_124' title='bbox 439 1699 526 1767; x_wconf 80' lang='grc' dir='ltr'><em>δέ,</em></span> <span class='ocrx_word' id='word_1_125' title='bbox 584 1695 658 1763; x_wconf 77' lang='grc' dir='ltr'><em>ὡς</em></span> <span class='ocrx_word' id='word_1_126' title='bbox 712 1701 822 1769; x_wconf 81' lang='grc' dir='ltr'><em>ἔχει</em></span> <span class='ocrx_word' id='word_1_127' title='bbox 870 1698 958 1753; x_wconf 87' lang='grc' dir='ltr'><em>ε’πὶ</em></span> <span class='ocrx_word' id='word_1_128' title='bbox 1004 1701 1103 1770; x_wconf 89' lang='grc' dir='ltr'><em>τῆς</em></span> <span class='ocrx_word' id='word_1_129' title='bbox 1148 1700 1410 1770; x_wconf 82' lang='grc' dir='ltr'><em>τετάρτης</em></span> <span class='ocrx_word' id='word_1_130' title='bbox 1454 1708 1839 1771; x_wconf 77' lang='grc' dir='ltr'><em>καταγραφῆς,</em></span> <span class='ocrx_word' id='word_1_131' title='bbox 1893 1696 1929 1770; x_wconf 84' lang='grc' dir='ltr'><em>ῆ</em></span> 
     </span>
     <span class='ocr_line' id='line_1_19' title="bbox 216 1785 1929 1860; baseline 0.001 -19"><span class='ocrx_word' id='word_1_132' title='bbox 216 1791 449 1841; x_wconf 87' lang='grc' dir='ltr'><em>ΑΒΓΔ</em></span> <span class='ocrx_word' id='word_1_133' title='bbox 513 1787 777 1859; x_wconf 83' lang='grc' dir='ltr'><em>ἑκατέραν</em></span> <span class='ocrx_word' id='word_1_134' title='bbox 839 1786 1025 1857; x_wconf 85' lang='grc' dir='ltr'><em>τέμνει</em></span> <span class='ocrx_word' id='word_1_135' title='bbox 1086 1786 1217 1842; x_wconf 84' lang='grc' dir='ltr'><em>καθ’</em></span> <span class='ocrx_word' id='word_1_136' title='bbox 1287 1790 1348 1842; x_wconf 79' lang='grc' dir='ltr'><em>ἓν</em></span> <span class='ocrx_word' id='word_1_137' title='bbox 1412 1798 1674 1860; x_wconf 88' lang='grc' dir='ltr'><em>σημεῖον,</em></span> <span class='ocrx_word' id='word_1_138' title='bbox 1733 1785 1767 1858; x_wconf 69' lang='grc' dir='ltr'><em>’ἦ</em></span> <span class='ocrx_word' id='word_1_139' title='bbox 1823 1793 1929 1842; x_wconf 93' lang='grc' dir='ltr'><em>ΕΖ</em></span> 
     </span>
     <span class='ocr_line' id='line_1_20' title="bbox 221 1872 1926 1950; baseline 0.001 -19"><span class='ocrx_word' id='word_1_140' title='bbox 221 1872 492 1950; x_wconf 83' lang='grc' dir='ltr'><em>οὐδετέρα</em></span> <span class='ocrx_word' id='word_1_141' title='bbox 532 1887 892 1948; x_wconf 91' lang='grc' dir='ltr'><em>συμπεσεῖται</em></span> <span class='ocrx_word' id='word_1_142' title='bbox 931 1873 1070 1930; x_wconf 79' lang='grc' dir='ltr'><em>κατὰ</em></span> <span class='ocrx_word' id='word_1_143' title='bbox 1113 1874 1218 1931; x_wconf 81' lang='grc' dir='ltr'><em>δύο</em></span> <span class='ocrx_word' id='word_1_144' title='bbox 1261 1887 1474 1947; x_wconf 89' lang='grc' dir='ltr'><em>σημεῖα.</em></span> <span class='ocrx_word' id='word_1_145' title='bbox 1547 1874 1687 1931; x_wconf 87' lang='grc' dir='ltr'><em>ω’στε</em></span> <span class='ocrx_word' id='word_1_146' title='bbox 1728 1875 1820 1931; x_wconf 79' lang='grc' dir='ltr'><em>διὰ</em></span> <span class='ocrx_word' id='word_1_147' title='bbox 1859 1875 1926 1932; x_wconf 85' lang='grc' dir='ltr'><em>τὰ</em></span> 
     </span>
     <span class='ocr_line' id='line_1_21' title="bbox 129 1961 1927 2070; baseline 0.002 -53"><span class='ocrx_word' id='word_1_148' title='bbox 129 1977 189 2017; x_wconf 83' lang='grc'><em>20</em></span> <span class='ocrx_word' id='word_1_149' title='bbox 222 1965 485 2070; x_wconf 78' lang='grc' dir='ltr'><em>εἰρημένα</em></span> <span class='ocrx_word' id='word_1_150' title='bbox 538 1964 631 2019; x_wconf 83' lang='grc' dir='ltr'><em>καὶ</em></span> <span class='ocrx_word' id='word_1_151' title='bbox 681 1964 747 2019; x_wconf 82' lang='grc' dir='ltr'><em>τὰ</em></span> <span class='ocrx_word' id='word_1_152' title='bbox 796 1961 1143 2036; x_wconf 78' lang='grc' dir='ltr'><em>ἀντίστροφα</em></span> <span class='ocrx_word' id='word_1_153' title='bbox 1191 1961 1379 2019; x_wconf 80' lang='grc' dir='ltr'><em>αὐτῶν</em></span> <span class='ocrx_word' id='word_1_154' title='bbox 1425 1966 1488 2019; x_wconf 73' lang='grc' dir='ltr'><em>αἱ</em></span> <span class='ocrx_word' id='word_1_155' title='bbox 1530 1969 1785 2036; x_wconf 88' lang='grc' dir='ltr'><em>ΑΒΓΔ,</em></span> <span class='ocrx_word' id='word_1_156' title='bbox 1827 1969 1927 2020; x_wconf 92' lang='grc' dir='ltr'><em>ΓΖ</em></span> 
     </span>
     <span class='ocr_line' id='line_1_22' title="bbox 218 2050 1928 2125; baseline 0.001 -17"><span class='ocrx_word' id='word_1_157' title='bbox 218 2050 626 2123; x_wconf 80' lang='grc' dir='ltr'><em>ἀντικειμέναις</em></span> <span class='ocrx_word' id='word_1_158' title='bbox 673 2062 793 2117; x_wconf 89' lang='grc' dir='ltr'><em>ταῖς</em></span> <span class='ocrx_word' id='word_1_159' title='bbox 838 2058 971 2123; x_wconf 91' lang='grc' dir='ltr'><em>ΒΕ,</em></span> <span class='ocrx_word' id='word_1_160' title='bbox 1011 2058 1116 2108; x_wconf 93' lang='grc' dir='ltr'><em>ΕΖ</em></span> <span class='ocrx_word' id='word_1_161' title='bbox 1163 2064 1358 2125; x_wconf 86' lang='grc' dir='ltr'><em>τομαῖς</em></span> <span class='ocrx_word' id='word_1_162' title='bbox 1405 2050 1474 2108; x_wconf 84' lang='grc' dir='ltr'><em>οὐ</em></span> <span class='ocrx_word' id='word_1_163' title='bbox 1514 2056 1928 2124; x_wconf 85' lang='grc' dir='ltr'><em>συμπεσοῦνται</em></span> 
     </span>
     <span class='ocr_line' id='line_1_23' title="bbox 217 2137 1283 2212; baseline 0.003 -16"><span class='ocrx_word' id='word_1_164' title='bbox 217 2140 358 2197; x_wconf 81' lang='grc' dir='ltr'><em>κατὰ</em></span> <span class='ocrx_word' id='word_1_165' title='bbox 399 2145 631 2197; x_wconf 91' lang='grc' dir='ltr'><em>πλείονα</em></span> <span class='ocrx_word' id='word_1_166' title='bbox 672 2152 872 2212; x_wconf 89' lang='grc' dir='ltr'><em>σημεῖα</em></span> <span class='ocrx_word' id='word_1_167' title='bbox 911 2137 946 2212; x_wconf 76' lang='grc' dir='ltr'>ἢ</span> <span class='ocrx_word' id='word_1_168' title='bbox 985 2142 1238 2212; x_wconf 86' lang='grc' dir='ltr'><em>τέσσαρα.</em></span> <span class='ocrx_word' id='word_1_169' title='bbox 1280 2198 1283 2200; x_wconf 85' lang='grc'>,</span> 
     </span>
     <span class='ocr_line' id='line_1_24' title="bbox 332 2227 1925 2302; baseline 0 -16"><span class='ocrx_word' id='word_1_170' title='bbox 332 2233 432 2286; x_wconf 86' lang='grc' dir='ltr'><em>εἀν</em></span> <span class='ocrx_word' id='word_1_171' title='bbox 474 2229 535 2285; x_wconf 74' lang='grc' dir='ltr'><em>δὲ</em></span> <span class='ocrx_word' id='word_1_172' title='bbox 575 2233 638 2284; x_wconf 74' lang='grc' dir='ltr'><em>αἱ</em></span> <span class='ocrx_word' id='word_1_173' title='bbox 671 2230 836 2301; x_wconf 86' lang='grc' dir='ltr'><em>τομαὶ</em></span> <span class='ocrx_word' id='word_1_174' title='bbox 876 2229 964 2285; x_wconf 82' lang='grc' dir='ltr'><em>ἐπὶ</em></span> <span class='ocrx_word' id='word_1_175' title='bbox 1003 2228 1070 2284; x_wconf 82' lang='grc' dir='ltr'><em>τὰ</em></span> <span class='ocrx_word' id='word_1_176' title='bbox 1110 2227 1250 2285; x_wconf 76' lang='grc' dir='ltr'><em>αὐτὰ</em></span> <span class='ocrx_word' id='word_1_177' title='bbox 1288 2228 1356 2285; x_wconf 81' lang='grc' dir='ltr'><em>τὰ</em></span> <span class='ocrx_word' id='word_1_178' title='bbox 1393 2235 1553 2285; x_wconf 89' lang='grc' dir='ltr'><em>κοῖλα</em></span> <span class='ocrx_word' id='word_1_179' title='bbox 1593 2233 1784 2302; x_wconf 82' lang='grc' dir='ltr'><em>ἔχωσι,</em></span> <span class='ocrx_word' id='word_1_180' title='bbox 1832 2231 1925 2286; x_wconf 84' lang='grc' dir='ltr'><em>καὶ</em></span> 
     </span>
     <span class='ocr_line' id='line_1_25' title="bbox 219 2316 1924 2391; baseline 0 -16"><span class='ocrx_word' id='word_1_181' title='bbox 219 2317 254 2390; x_wconf 75' lang='grc' dir='ltr'><em>’ἣ</em></span> <span class='ocrx_word' id='word_1_182' title='bbox 296 2320 454 2390; x_wconf 83' lang='grc' dir='ltr'><em>ἑτέρα</em></span> <span class='ocrx_word' id='word_1_183' title='bbox 492 2316 596 2389; x_wconf 86' lang='grc' dir='ltr'><em>τὴν</em></span> <span class='ocrx_word' id='word_1_184' title='bbox 636 2317 832 2389; x_wconf 82' lang='grc' dir='ltr'><em>ἑτέραν</em></span> <span class='ocrx_word' id='word_1_185' title='bbox 872 2319 1042 2391; x_wconf 80' lang='grc' dir='ltr'><em>τέμνῃ</em></span> <span class='ocrx_word' id='word_1_186' title='bbox 1085 2318 1223 2374; x_wconf 83' lang='grc' dir='ltr'><em>κατὰ</em></span> <span class='ocrx_word' id='word_1_187' title='bbox 1260 2318 1501 2389; x_wconf 89' lang='grc' dir='ltr'><em>τέσσαρα</em></span> <span class='ocrx_word' id='word_1_188' title='bbox 1545 2317 1612 2373; x_wconf 85' lang='grc' dir='ltr'><em>τὰ</em></span> <span class='ocrx_word' id='word_1_189' title='bbox 1652 2326 1723 2389; x_wconf 92' lang='grc' dir='ltr'><em>Α,</em></span> <span class='ocrx_word' id='word_1_190' title='bbox 1763 2325 1829 2389; x_wconf 94' lang='grc' dir='ltr'><em>Β,</em></span> <span class='ocrx_word' id='word_1_191' title='bbox 1860 2325 1924 2389; x_wconf 95' lang='grc' dir='ltr'><em>Γ,</em></span> 
     </span>
     <span class='ocr_line' id='line_1_26' title="bbox 132 2403 1926 2482; baseline 0.002 -22"><span class='ocrx_word' id='word_1_192' title='bbox 132 2419 191 2460; x_wconf 82' lang='grc'><em>25</em></span> <span class='ocrx_word' id='word_1_193' title='bbox 229 2414 306 2479; x_wconf 86' lang='grc' dir='ltr'><em>Δ,</em></span> <span class='ocrx_word' id='word_1_194' title='bbox 354 2404 428 2471; x_wconf 78' lang='grc' dir='ltr'><em>ὡς</em></span> <span class='ocrx_word' id='word_1_195' title='bbox 468 2407 556 2462; x_wconf 85' lang='grc' dir='ltr'><em>ἐπὶ</em></span> <span class='ocrx_word' id='word_1_196' title='bbox 596 2409 693 2477; x_wconf 88' lang='grc' dir='ltr'><em>τῆς</em></span> <span class='ocrx_word' id='word_1_197' title='bbox 730 2408 976 2477; x_wconf 86' lang='grc' dir='ltr'><em>πέμπτης</em></span> <span class='ocrx_word' id='word_1_198' title='bbox 1013 2409 1396 2479; x_wconf 84' lang='grc' dir='ltr'><em>καταγραφῆς,</em></span> <span class='ocrx_word' id='word_1_199' title='bbox 1443 2403 1477 2477; x_wconf 80' lang='grc' dir='ltr'><em>ἡ</em></span> <span class='ocrx_word' id='word_1_200' title='bbox 1517 2412 1622 2461; x_wconf 93' lang='grc' dir='ltr'><em>ΕΖ</em></span> <span class='ocrx_word' id='word_1_201' title='bbox 1659 2409 1727 2479; x_wconf 81' lang='grc' dir='ltr'><em>τῇ</em></span> <span class='ocrx_word' id='word_1_202' title='bbox 1767 2407 1926 2482; x_wconf 76' lang='grc' dir='ltr'><em>ἑτέρᾳ</em></span> 
     </span>
    </p>
   </div>
   <div class='ocr_carea' id='block_1_5' title="bbox 1240 1153 1624 1272">
    <p class='ocr_par' dir='ltr' id='par_1_6' title="bbox 1240 1153 1624 1272">
     <span class='ocr_line' id='line_1_27' title="bbox 1571 1153 1624 1192; baseline 0 0"><span class='ocrx_word' id='word_1_203' title='bbox 1571 1153 1624 1192; x_wconf 82' lang='lat' dir='ltr'><em>I&#39;</em></span> 
     </span>
     <span class='ocr_line' id='line_1_28' title="bbox 1240 1236 1285 1272; baseline 0 0"><span class='ocrx_word' id='word_1_204' title='bbox 1240 1236 1285 1272; x_wconf 89' lang='lat' dir='ltr'><em>B</em></span> 
     </span>
    </p>
   </div>
   <div class='ocr_carea' id='block_1_6' title="bbox 1286 1599 1329 1636">
    <p class='ocr_par' dir='ltr' id='par_1_7' title="bbox 1286 1599 1329 1636">
     <span class='ocr_line' id='line_1_29' title="bbox 1286 1599 1329 1636; baseline 0 0"><span class='ocrx_word' id='word_1_205' title='bbox 1286 1599 1329 1636; x_wconf 91' lang='lat' dir='ltr'><em>Z</em></span> 
     </span>
    </p>
   </div>
   <div class='ocr_carea' id='block_1_7' title="bbox 222 2520 354 2527">
    <p class='ocr_par' dir='ltr' id='par_1_8' title="bbox 222 2520 354 2527">
     <span class='ocr_line' id='line_1_30' title="bbox 222 2520 354 2527; baseline 0 0"><span class='ocrx_word' id='word_1_206' title='bbox 222 2520 354 2527; x_wconf 95' lang='lat' dir='ltr'><em> </em></span> 
     </span>
    </p>
   </div>
   <div class='ocr_carea' id='block_1_8' title="bbox 357 2520 580 2527">
    <p class='ocr_par' dir='ltr' id='par_1_9' title="bbox 357 2520 580 2527">
     <span class='ocr_line' id='line_1_31' title="bbox 357 2520 580 2527; baseline 0 0"><span class='ocrx_word' id='word_1_207' title='bbox 357 2520 580 2527; x_wconf 95' lang='lat' dir='ltr'><em> </em></span> 
     </span>
    </p>
   </div>
   <div class='ocr_carea' id='block_1_9' title="bbox 219 2581 1920 2936">
    <p class='ocr_par' dir='ltr' id='par_1_10' title="bbox 219 2581 1920 2818">
     <span class='ocr_line' id='line_1_32' title="bbox 342 2581 1920 2643; baseline 0.002 -17"><span class='ocrx_word' id='word_1_208' title='bbox 342 2587 380 2628; x_wconf 95' lang='lat'><strong>1.</strong></span> <span class='ocrx_word' id='word_1_209' title='bbox 424 2582 623 2640; x_wconf 89' lang='grc' dir='ltr'><em>ΑΒΓΔ]</em></span> <span class='ocrx_word' id='word_1_210' title='bbox 664 2586 801 2626; x_wconf 90' lang='grc' dir='ltr'><em>ΑΒΔ</em></span> <span class='ocrx_word' id='word_1_211' title='bbox 831 2596 883 2638; x_wconf 98' lang='grc' dir='ltr'>Ρ,</span> <span class='ocrx_word' id='word_1_212' title='bbox 924 2587 1064 2627; x_wconf 92' lang='grc' dir='ltr'><em>ΑΒΓ</em></span> <span class='ocrx_word' id='word_1_213' title='bbox 1097 2581 1269 2638; x_wconf 80' lang='lat' dir='ltr'>Halley</span> <span class='ocrx_word' id='word_1_214' title='bbox 1309 2595 1412 2626; x_wconf 88' lang='lat' dir='ltr'><em>cum</em></span> <span class='ocrx_word' id='word_1_215' title='bbox 1447 2581 1624 2628; x_wconf 89' lang='lat' dir='ltr'><strong>Comm.</strong></span> <span class='ocrx_word' id='word_1_216' title='bbox 1776 2589 1818 2629; x_wconf 84' lang='lat'><strong>2.</strong></span> <span class='ocrx_word' id='word_1_217' title='bbox 1852 2584 1920 2643; x_wconf 91' lang='grc' dir='ltr'><em>Γ]</em></span> 
     </span>
     <span class='ocr_line' id='line_1_33' title="bbox 221 2641 1920 2702; baseline 0 -16"><span class='ocrx_word' id='word_1_218' title='bbox 221 2641 399 2700; x_wconf 81' lang='lat' dir='ltr'>scripsi,</span> <span class='ocrx_word' id='word_1_219' title='bbox 437 2644 520 2685; x_wconf 91' lang='grc' dir='ltr'><em>ΓΔ</em></span> <span class='ocrx_word' id='word_1_220' title='bbox 545 2642 640 2698; x_wconf 90' lang='lat' dir='ltr'><em>Vp.</em></span> <span class='ocrx_word' id='word_1_221' title='bbox 767 2641 831 2698; x_wconf 90' lang='grc' dir='ltr'><em>Γ]</em></span> <span class='ocrx_word' id='word_1_222' title='bbox 867 2647 909 2685; x_wconf 91' lang='grc' dir='ltr'><em>Δ</em></span> <span class='ocrx_word' id='word_1_223' title='bbox 940 2657 985 2698; x_wconf 89' lang='lat' dir='ltr'><em>p.</em></span> <span class='ocrx_word' id='word_1_224' title='bbox 1109 2648 1149 2687; x_wconf 90' lang='lat'><em>3.</em></span> <span class='ocrx_word' id='word_1_225' title='bbox 1187 2641 1251 2699; x_wconf 90' lang='grc' dir='ltr'><em>Γ]</em></span> <span class='ocrx_word' id='word_1_226' title='bbox 1288 2644 1371 2684; x_wconf 91' lang='grc' dir='ltr'><em>ΓΔ</em></span> <span class='ocrx_word' id='word_1_227' title='bbox 1401 2656 1447 2698; x_wconf 89' lang='grc' dir='ltr'><em>Ρ.</em></span> <span class='ocrx_word' id='word_1_228' title='bbox 1573 2647 1613 2686; x_wconf 89' lang='grc'><em>6.</em></span> <span class='ocrx_word' id='word_1_229' title='bbox 1645 2643 1809 2702; x_wconf 91' lang='grc' dir='ltr'><em>ΑΒΓ]</em></span> <span class='ocrx_word' id='word_1_230' title='bbox 1841 2656 1920 2700; x_wconf 88' lang='lat' dir='ltr'><em>vc,</em></span> 
     </span>
     <span class='ocr_line' id='line_1_34' title="bbox 220 2700 1920 2760; baseline 0.001 -14"><span class='ocrx_word' id='word_1_231' title='bbox 220 2700 686 2754; x_wconf 44' lang='grc' dir='ltr'><em>ΒοοοηΗιῃΙῑΤς</em></span> <span class='ocrx_word' id='word_1_232' title='bbox 718 2704 929 2756; x_wconf 91' lang='grc' dir='ltr'><em>ΑΒΔΡ.</em></span> <span class='ocrx_word' id='word_1_233' title='bbox 1062 2701 1127 2760; x_wconf 91' lang='grc' dir='ltr'><em>Γ]</em></span> <span class='ocrx_word' id='word_1_234' title='bbox 1164 2703 1321 2757; x_wconf 88' lang='grc' dir='ltr'><em>ΓΔΡ.</em></span> <span class='ocrx_word' id='word_1_235' title='bbox 1469 2705 1508 2744; x_wconf 83' lang='lat'><strong>7.</strong></span> <span class='ocrx_word' id='word_1_236' title='bbox 1543 2701 1754 2759; x_wconf 87' lang='grc' dir='ltr'><em>Γ]ΔΡ.</em></span> <span class='ocrx_word' id='word_1_237' title='bbox 1879 2707 1920 2748; x_wconf 88' lang='lat'><em>8.</em></span> 
     </span>
     <span class='ocr_line' id='line_1_35' title="bbox 219 2734 1920 2818; baseline 0.001 -14"><span class='ocrx_word' id='word_1_238' title='bbox 219 2765 357 2805; x_wconf 92' lang='grc' dir='ltr'><em>ΑΒΔ</em></span> <span class='ocrx_word' id='word_1_239' title='bbox 389 2776 433 2818; x_wconf 89' lang='lat' dir='ltr'><em>p.</em></span> <span class='ocrx_word' id='word_1_240' title='bbox 541 2764 581 2806; x_wconf 87' lang='grc'><em>9.</em></span> <span class='ocrx_word' id='word_1_241' title='bbox 616 2734 759 2818; x_wconf 85' lang='grc' dir='ltr'><em>ὃέ]Ρ</em></span> <span class='ocrx_word' id='word_1_242' title='bbox 728 2774 773 2816; x_wconf 90' lang='lat' dir='ltr'><em>p,</em></span> <span class='ocrx_word' id='word_1_243' title='bbox 809 2773 897 2804; x_wconf 91' lang='lat' dir='ltr'><strong>om.</strong></span> <span class='ocrx_word' id='word_1_244' title='bbox 924 2759 978 2804; x_wconf 90' lang='lat' dir='ltr'><em>V.</em></span> <span class='ocrx_word' id='word_1_245' title='bbox 1091 2766 1158 2804; x_wconf 89' lang='lat'><strong>11.</strong></span> <span class='ocrx_word' id='word_1_246' title='bbox 1192 2759 1255 2817; x_wconf 92' lang='grc' dir='ltr'><em>Δ]</em></span> <span class='ocrx_word' id='word_1_247' title='bbox 1291 2762 1375 2802; x_wconf 93' lang='grc' dir='ltr'><em>ΓΔ</em></span> <span class='ocrx_word' id='word_1_248' title='bbox 1405 2774 1449 2815; x_wconf 89' lang='lat' dir='ltr'><em>p.</em></span> <span class='ocrx_word' id='word_1_249' title='bbox 1553 2763 1623 2804; x_wconf 91' lang='lat'><em>18.</em></span> <span class='ocrx_word' id='word_1_250' title='bbox 1656 2764 1848 2804; x_wconf 90' lang='grc' dir='ltr'><em>ΑΒΔΓ</em></span> <span class='ocrx_word' id='word_1_251' title='bbox 1874 2776 1920 2816; x_wconf 88' lang='lat' dir='ltr'><em>p.</em></span> 
     </span>
    </p>

    <p class='ocr_par' dir='ltr' id='par_1_11' title="bbox 222 2818 1920 2936">
     <span class='ocr_line' id='line_1_36' title="bbox 281 2818 1920 2889; baseline 0 -26"><span class='ocrx_word' id='word_1_252' title='bbox 281 2824 350 2864; x_wconf 91' lang='grc'><em>20.</em></span> <span class='ocrx_word' id='word_1_253' title='bbox 386 2818 466 2878; x_wconf 87' lang='grc' dir='ltr'><em>τά]</em></span> <span class='ocrx_word' id='word_1_254' title='bbox 501 2833 590 2864; x_wconf 89' lang='lat' dir='ltr'><strong>om.</strong></span> <span class='ocrx_word' id='word_1_255' title='bbox 608 2818 691 2875; x_wconf 92' lang='lat' dir='ltr'>Vp</span> <span class='ocrx_word' id='word_1_256' title='bbox 661 2833 705 2875; x_wconf 92' lang='lat' dir='ltr'>p,</span> <span class='ocrx_word' id='word_1_257' title='bbox 740 2831 858 2864; x_wconf 88' lang='lat' dir='ltr'><strong>corr.</strong></span> <span class='ocrx_word' id='word_1_258' title='bbox 883 2818 1065 2889; x_wconf 82' lang='lat' dir='ltr'><strong>Hauey.</strong></span> <span class='ocrx_word' id='word_1_259' title='bbox 1191 2822 1340 2872; x_wconf 89' lang='grc' dir='ltr'><em>ΑΒΔ,</em></span> <span class='ocrx_word' id='word_1_260' title='bbox 1370 2821 1497 2861; x_wconf 88' lang='grc' dir='ltr'><em>ΓΔΖ</em></span> <span class='ocrx_word' id='word_1_261' title='bbox 1529 2833 1581 2875; x_wconf 86' lang='grc' dir='ltr'><em>Ρ;</em></span> <span class='ocrx_word' id='word_1_262' title='bbox 1614 2822 1810 2876; x_wconf 90' lang='grc' dir='ltr'><em>ΑΒΓΔ,</em></span> <span class='ocrx_word' id='word_1_263' title='bbox 1834 2822 1920 2863; x_wconf 91' lang='grc' dir='ltr'><em>ΕΖ</em></span> 
     </span>
     <span class='ocr_line' id='line_1_37' title="bbox 222 2874 1919 2936; baseline 0 -14"><span class='ocrx_word' id='word_1_264' title='bbox 222 2878 395 2935; x_wconf 81' lang='lat' dir='ltr'>Halley</span> <span class='ocrx_word' id='word_1_265' title='bbox 427 2892 532 2923; x_wconf 84' lang='lat' dir='ltr'><em>cum</em></span> <span class='ocrx_word' id='word_1_266' title='bbox 567 2877 739 2923; x_wconf 86' lang='lat' dir='ltr'><strong>Comm.</strong></span> <span class='ocrx_word' id='word_1_267' title='bbox 887 2883 958 2923; x_wconf 85' lang='lat'><strong>21.</strong></span> <span class='ocrx_word' id='word_1_268' title='bbox 992 2874 1317 2934; x_wconf 79' lang='grc' dir='ltr'><em>ἀντικείμεναι</em></span> <span class='ocrx_word' id='word_1_269' title='bbox 1348 2875 1532 2934; x_wconf 82' lang='lat' dir='ltr'><strong>Halley.</strong></span> <span class='ocrx_word' id='word_1_270' title='bbox 1679 2877 1794 2936; x_wconf 89' lang='lat' dir='ltr'><em>EZ]</em></span> <span class='ocrx_word' id='word_1_271' title='bbox 1836 2881 1919 2922; x_wconf 94' lang='grc' dir='ltr'><em>ΓΖ</em></span> 
     </span>
    </p>
   </div>
   <div class='ocr_carea' id='block_1_10' title="bbox 222 2948 1459 3009">
    <p class='ocr_par' dir='ltr' id='par_1_12' title="bbox 222 2948 1459 3009">
     <span class='ocr_line' id='line_1_38' title="bbox 222 2948 1459 3009; baseline -0.001 -14"><span class='ocrx_word' id='word_1_272' title='bbox 222 2951 395 3007; x_wconf 81' lang='lat' dir='ltr'>Halley</span> <span class='ocrx_word' id='word_1_273' title='bbox 428 2966 532 2996; x_wconf 80' lang='lat' dir='ltr'><em>eum</em></span> <span class='ocrx_word' id='word_1_274' title='bbox 565 2951 740 3001; x_wconf 89' lang='lat' dir='ltr'>Comm</span> <span class='ocrx_word' id='word_1_275' title='bbox 909 2954 980 2995; x_wconf 89' lang='grc'><em>22.</em></span> <span class='ocrx_word' id='word_1_276' title='bbox 1013 2948 1238 3009; x_wconf 84' lang='grc' dir='ltr'><em>τέσσαρα]</em></span> <span class='ocrx_word' id='word_1_277' title='bbox 1264 2966 1309 3008; x_wconf 87' lang='grc' dir='ltr'>Ρ,</span> <span class='ocrx_word' id='word_1_278' title='bbox 1343 2952 1372 2994; x_wconf 81' lang='grc' dir='ltr'><em>ὃ</em></span> <span class='ocrx_word' id='word_1_279' title='bbox 1403 2951 1459 2995; x_wconf 92' lang='lat' dir='ltr'><em>V.</em></span> 
     </span>
    </p>
   </div>
  </div>
 </body>
</html>
