2034 3216
627 140 980 184 CONICORUM
1010 143 1191 183 LIBER
1221 142 1298 184 IV.
1726 138 1797 191 39

232 279 358 315 nam
397 262 443 316 si
480 261 598 314 fieri
635 262 838 330 potest,
880 262 1000 314 coni
1041 260 1205 313 sectio
1246 261 1479 312 ΔΑΒΓ
1511 277 1632 312 cum
1674 277 1801 312 arcu

117 349 304 410 circuli
336 352 563 402 EABF
587 351 885 417 concurrat,
921 366 1209 418 eorumque
1243 348 1538 402 communis
1571 347 1643 400 sit
1673 366 1799 416 pars

119 438 306 491 eadem
345 440 530 508 ΑΒΓ,
576 455 684 490 non
731 455 1036 490 communes
1085 440 1264 490 autem
1303 441 1442 506 AA,
1474 439 1606 504 AE,
1652 439 1705 488 et
1744 436 1801 488 in

906 527 972 578 iis
998 529 1241 578 sumatur
1263 527 1522 594 punctum
1549 527 1609 594 Θ,
1642 524 1800 577 duca-

906 617 1097 683 turque
1131 617 1252 682 ΘΑ,
1292 632 1387 682 per
1421 615 1682 681 punctum
1712 631 1799 665 au-

906 706 1016 755 tem
1065 701 1339 771 quodlibet
1379 705 1431 753 E
1472 704 1648 754 rectae
1692 704 1799 753 ΑΘ

906 790 1163 858 parallela
1216 789 1440 842 ducatur
1494 793 1548 840 A
1559 790 1683 858 ΕΓ,
1747 791 1800 841 et

907 882 1023 930 ΑΘ
1082 878 1136 930 in
1191 878 1254 928 H
1310 877 1366 928 in
1426 877 1556 929 duas
1615 879 1797 946 partes

908 966 1158 1035 aequales
1177 967 1397 1032 secetur,
1422 983 1518 1034 per
1534 968 1600 1016 H
1618 968 1798 1017 autem

908 1054 1200 1106 diametrus
1227 1054 1450 1106 ducatur
1474 1057 1521 1105 Β
1531 1056 1591 1105 Η
1600 1056 1657 1104 Ζ.
1699 1053 1800 1105 ita-

909 1160 1009 1213 que
1055 1144 1201 1195 recta
1239 1159 1335 1210 per
1373 1145 1420 1193 Β
1466 1144 1642 1194 rectae
1691 1145 1744 1193 Α
1755 1144 1801 1192 Θ

907 1231 1166 1299 parallela
1261 1230 1422 1282 ducta
1514 1232 1797 1298 utramque

910 1318 1202 1371 sectionem
1254 1318 1530 1386 continget
1580 1316 1644 1386 [I,
1686 1317 1800 1386 32],

910 1409 968 1465 et,
996 1407 1174 1458 rectae
1201 1409 1256 1457 Δ
1265 1408 1375 1458 ΕΓ
1398 1404 1663 1473 parallela
1695 1405 1799 1457 erit

909 1494 1086 1561 [Eucl.
1108 1493 1149 1560 I,
1174 1494 1285 1559 30],
1317 1494 1520 1562 eritque
1551 1493 1609 1545 in
1633 1494 1801 1546 altera

116 1584 352 1637 sectione
389 1588 444 1636 Δ
455 1587 499 1635 Ζ
524 1609 599 1626 =v
620 1587 732 1653 ZF,
771 1584 830 1636 in
869 1584 1039 1637 altera
1078 1585 1182 1634 EZ
1207 1607 1276 1626 =
1304 1583 1413 1633 ΖΓ
1444 1581 1507 1650 [1,
1538 1582 1800 1648 46—47J.

114 1690 279 1741 quare
321 1673 481 1725 etiam
522 1676 630 1725 ΔΖ
657 1698 724 1715 --
753 1676 877 1741 ΖΕ,
920 1671 1061 1741 quod
1100 1671 1218 1723 fieri
1256 1688 1364 1723 non
1403 1673 1596 1740 potest.

870 1832 1043 1887 XXV.

228 1935 362 1990 Coni
410 1936 575 1990 sectio
624 1936 746 1989 coni
786 1937 1078 1989 sectionem
1117 1936 1204 1987 uel
1244 1953 1426 1987 arcum
1465 1934 1649 1987 circuli
1686 1953 1798 1988 non

117 2028 263 2077 secat
300 2026 358 2077 in
395 2024 640 2095 pluribus
680 2025 891 2092 punctis
932 2042 1092 2092 quam
1134 2025 1400 2092 quattuor.

225 2131 352 2165 nam
393 2112 441 2165 si
479 2112 596 2164 fieri
626 2114 820 2181 potest,
858 2112 914 2164 in
946 2113 1179 2181 quinque
1213 2113 1354 2164 secet
1384 2115 1450 2179 A,
1474 2114 1535 2180 Β,
1559 2113 1619 2180 Γ,
1643 2115 1711 2180 Δ,
1735 2114 1799 2180 Ε,

114 2203 170 2252 et
214 2203 414 2269 puncta
460 2217 746 2253 concursus
786 2204 861 2270 A,
885 2203 955 2267 B,
980 2191 1048 2267 Γ,
1074 2203 1151 2268 Δ,
1177 2203 1229 2251 Ε
1265 2199 1514 2268 deinceps
1556 2199 1668 2251 sint
1706 2218 1799 2267 po-

14 2302 31 2344 }
115 2288 222 2340 sita
280 2288 488 2340 nullum
548 2288 689 2340 inter
745 2306 800 2339 se
853 2287 1365 2356 praetermittentia,
1427 2289 1481 2338 et
1536 2286 1800 2339 ducantur

116 2378 248 2444 AB,
286 2378 390 2428 ΓΔ
435 2375 923 2445 producanturque3
982 2393 1074 2428 eae
1119 2375 1288 2445 igitur
1332 2375 1391 2427 in
1436 2374 1697 2441 parabola
1745 2379 1799 2427 et

115 2462 414 2531 hyperbola
447 2465 598 2516 extra
621 2465 884 2517 sectiones
911 2465 1227 2516 concurrent
1254 2461 1345 2531 [II,
1371 2461 1629 2528 24—25].
1677 2480 1797 2515 con-

115 2553 336 2604 currant
373 2551 430 2602 in
468 2554 540 2620 A,
582 2552 755 2620 sitque
795 2554 907 2604 AA
931 2571 942 2604 ε
967 2554 1074 2603 ΛΒ
1101 2576 1170 2593 ==
1195 2554 1307 2603 AO
1331 2570 1342 2603 ε
1370 2553 1471 2603 ΟΒ
1512 2554 1565 2604 ct

605 2643 717 2690 AA
741 2659 752 2691 τ
778 2642 889 2692 ΛΓ
908 2665 977 2681 --
1003 2643 1133 2691 ΛΠ
1151 2654 1161 2684 2
1186 2642 1250 2691 Π
1252 2640 1309 2690 Γ.

117 2725 298 2794 itaque
353 2728 500 2778 recta
556 2744 588 2777 a
633 2731 696 2778 Π
744 2727 810 2779 ad
860 2729 906 2777 0
952 2727 1110 2779 ducta
1155 2726 1213 2778 in
1258 2729 1540 2793 utramque
1587 2727 1796 2794 partem

116 2813 378 2879 producta
424 2831 543 2865 cum
584 2815 816 2867 sectione
857 2817 1157 2881 concurret,
1205 2817 1258 2866 et
1295 2815 1470 2865 rectae
1512 2831 1543 2865 a
1580 2812 1795 2881 punctis

117 2916 406 2953 concursus
433 2901 499 2953 ad
531 2904 582 2953 A
614 2901 800 2955 ductae
834 2902 1095 2955 sectiones
1129 2901 1446 2968 contingent
1477 2901 1648 2967 [prop.
1674 2898 1794 2966 IX].
