2046 3256
431 162 679 205 EUTOCH
710 161 1146 206 COMMENTARIA
1175 160 1241 204 IN
1273 159 1507 204 CONIOA.
1695 158 1800 210 231

118 280 440 334 'diametrum
483 282 539 334 in
576 281 806 334 termino
846 279 1303 351 perpendicularis
1343 280 1603 350 erigatur,
1651 281 1804 331 extra

122 370 379 424 circulum
426 369 613 422 cadere
661 387 886 438 eumque
934 369 1266 438 contingere,
1312 366 1633 437 Apollonius
1673 385 1802 420 uero

119 458 208 511 hic
239 458 661 529 propositionem
693 458 1052 510 uniuersalem
1085 457 1436 524 demonstrat,
1474 474 1608 526 quae
1643 457 1804 509 simul

121 547 184 599 de
237 548 408 600 tribus
456 548 579 600 coni
626 546 953 600 sectionibus
1002 548 1055 598 et
1103 545 1165 598 de
1213 545 1410 598 circulo
1458 545 1617 597 ualet.

230 635 334 689 hoc
353 637 565 688 tantum
584 636 812 689 circulus
832 653 863 688 a
881 634 1209 688 sectionibus
1229 634 1352 687 coni
1369 633 1560 702 differt,
1587 633 1728 701 quod
1746 633 1804 685 in

121 741 184 777 eo
209 727 386 777 rectae
412 724 656 777 ordinate
682 723 870 776 ductae
896 723 963 775 ad
988 722 1311 775 diametrum
1334 721 1803 790 perpendiculares

122 814 407 882 ducuntur3
448 830 619 883 neque
660 813 803 866 enim
843 811 978 865 aliae
1019 814 1195 864 rectae
1235 811 1376 863 inter
1416 829 1471 863 se
1511 811 1804 879 parallelae

123 920 156 954 a
203 902 462 955 diametro
503 901 688 955 circuli
725 901 781 953 in
819 901 974 953 binas
1014 903 1194 970 partes
1235 899 1485 969 aequales
1528 902 1802 967 secantur3

123 994 181 1044 in
205 991 393 1045 tribus
426 1008 553 1044 uero
587 990 917 1044 sectionibus
948 1007 1059 1041 non
1091 1006 1302 1058 semper
1333 987 1802 1056 perpendiculares

121 1080 406 1148 ducuntur,
446 1079 537 1132 sed
578 1079 643 1131 ad
685 1096 808 1131 axes
851 1078 1010 1131 solos,

697 1226 790 1277 Ad
828 1245 862 1294 p
874 1244 1000 1293 rop.
1031 1223 1233 1277 XVIII.

232 1322 298 1375 In
359 1322 636 1376 nonnullis
701 1322 973 1374 codicibus
1035 1320 1167 1373 haec
1221 1319 1520 1389 propositio
1576 1320 1632 1371 in
1689 1321 1806 1372 sola·

120 1411 380 1480 parabola
426 1410 829 1480 hyperbolaque
871 1409 1293 1477 demonstratur,
1342 1407 1436 1460 sed
1475 1407 1666 1460 melius
1708 1412 1805 1477 est,

121 1499 548 1569 propositionem
596 1498 1039 1551 uniuersaliorem
1086 1514 1224 1565 esse,
1272 1496 1379 1548 nisi
1428 1496 1570 1565 quod
1617 1495 1699 1548 illi
1740 1496 1803 1548 de

122 1588 318 1657 ellipsi,
371 1588 511 1657 quod
557 1588 636 1639 ibi
676 1583 767 1639 >res
816 1586 976 1638 dubia
1022 1603 1130 1638 non
1179 1585 1270 1654 sit,
1317 1584 1646 1636 mentionem
1693 1601 1804 1635 non

119 1675 374 1729 fecerunt.
441 1694 569 1727 nam
609 1675 724 1743 ΓΛ,
765 1692 899 1742 quae
938 1673 1081 1725 intra
1122 1672 1416 1726 sectionem
1456 1671 1805 1724 terminatam

122 1765 302 1832 posita
349 1766 454 1833 est,
501 1780 597 1831 per
644 1780 700 1815 se
741 1762 1034 1815 sectionem
1076 1761 1143 1813 ab
1184 1762 1410 1829 utraque
1449 1763 1603 1828 parte
1644 1764 1803 1814 secat.

233 1852 763 1905 animaduertendum
795 1853 991 1917 autem,
1032 1849 1254 1902 eandem
1288 1849 1804 1902 demonstrationem

122 1941 407 2010 quadrare,
447 1941 612 1993 etiam
653 1941 698 1993 si
738 1943 900 1992 ΑΖΒ
943 1938 1234 1991 sectionem
1276 1940 1432 1990 secet.

741 2087 834 2139 Ad
872 2105 1044 2155 prop.
1076 2084 1193 2138 XX.

232 2183 318 2236 Ab
349 2183 452 2236 hac
483 2182 852 2252 propositione
884 2181 1148 2248 incipiens
1182 2180 1430 2248 deinceps
1464 2180 1520 2231 in
1553 2181 1802 2234 omnibus

122 2271 480 2342 proprietates
520 2270 814 2339 parabolae
848 2269 896 2322 ei
930 2268 1032 2321 soli
1064 2268 1306 2321 adcidere
1339 2268 1676 2321 demonstrat
1707 2286 1803 2320 nec

121 2359 219 2412 ulli
266 2359 381 2427 alii,
427 2359 740 2428 plerumque
786 2375 913 2410 uero
960 2357 1311 2426 hyperbolae,
1359 2357 1559 2426 ellipsi,
1606 2357 1802 2409 circulo

121 2448 308 2500 eadem
349 2447 594 2500 adcidere
634 2446 982 2499 demonstrat.

235 2535 488 2603 quoniam
522 2537 702 2587 autem
731 2535 813 2600 iis,
847 2533 938 2602 qui
961 2533 1268 2587 mechanica
1294 2534 1551 2601 scribunt,
1582 2536 1804 2601 propter

121 2652 374 2706 praeeunte
408 2649 578 2694 Comm.
725 2655 764 2693 6.
805 2648 848 2704 (H
878 2664 970 2705 mg.
1003 2663 1062 2691 m.
1099 2653 1122 2691 1
1154 2648 1227 2692 W.
1368 2653 1434 2691 13.
1468 2648 1626 2705 τοῦτο]
1663 2661 1803 2702 supra,

123 2721 207 2754 scr.
235 2724 296 2753 m.
324 2714 347 2752 1
380 2724 423 2765 p.
549 2712 617 2753 14.
653 2705 748 2752 ἐστι
778 2723 823 2764 p.
948 2712 1015 2752 15.
1049 2706 1133 2765 μή]
1168 2707 1346 2774 scripsi,
1379 2708 1464 2750 καί
1490 2706 1605 2763 Wp.
1727 2703 1802 2763 τό]

124 2781 211 2811 om.
236 2782 272 2838 Ρ
290 2766 341 2810 in
366 2769 478 2812 extr.
503 2767 585 2811 lin.
710 2771 776 2810 16.
811 2762 1157 2824 ἆναμφίβολον]
1184 2766 1363 2836 scripsi,
1395 2762 1661 2836 ἀμφίβολον
1685 2765 1746 2807 W
1755 2779 1801 2830 p,

124 2822 212 2869 οὐκ
245 2822 508 2886 ἀμφίβολον
539 2825 709 2881 Halley
741 2840 845 2870 cum
872 2826 1045 2870 Comm.
1169 2829 1236 2868 18.
1271 2820 1411 2881 αὐτή]
1445 2820 1531 2867 αὖ·
1563 2837 1588 2867 e
1613 2837 1725 2868 corr.
1754 2823 1804 2866 in

123 2883 257 2930 scrib.
289 2898 334 2939 p.
465 2889 534 2928 19.
566 2883 732 2942 τέμνῃ]
767 2897 790 2927 e
824 2897 935 2928 corr.
968 2898 1013 2940 Ρ,
1044 2883 1202 2941 τέμνει
1236 2882 1310 2925 W.
1447 2887 1517 2926 23.
1549 2882 1694 2925 πᾶσιν
1728 2881 1804 2925 W.

181 2939 322 3001 αὐτῇ]
353 2957 398 3000 Ρ,
431 2939 550 3000 αῧτῃ
582 2944 655 2988 W.
