2046 3224
731 151 1190 194 PROLEGOMENA.
1703 151 1810 195 XXI

129 264 182 311 δέ
214 271 292 320 24;
338 281 384 323 p.
416 271 466 321 4,
501 272 556 311 13
596 268 896 326 συνείὸομεν]
929 272 1007 324 24,
1049 270 1331 326 συνείδαμεν
1366 273 1435 324 19,
1467 272 1545 322 2Ο;
1591 285 1635 325 p.
1669 274 1718 324 4,
1754 275 1808 314 16

126 329 264 392 ἄνευ]
291 337 349 376 24
380 334 428 378 et
449 332 624 378 litteris
650 350 686 389 ε,
703 351 731 378 υ
755 334 915 390 ligatis
940 339 1013 391 20,
1045 332 1142 379 ἄνα
1168 339 1244 390 19;
1277 351 1323 392 p.
1348 340 1388 390 6,
1416 341 1440 379 7
1475 330 1614 393 ὅθεν]
1644 339 1711 390 19,
1737 340 1808 390 20,

127 395 242 443 ὅταν
274 404 352 455 24;
399 415 444 456 p.
479 405 527 456 6,
561 405 617 444 26
650 397 842 459 εὐθείᾳ]
879 405 956 457 19,
996 415 1085 445 orn.
1118 401 1168 444 in
1199 402 1407 446 extremo
1437 414 1577 445 uersu
1608 405 1687 456 20,
1728 403 1810 446 sed

129 464 311 510 addidit
341 481 434 522 mg.
467 481 527 511 m.
563 471 601 521 1,
636 462 810 510 εὖθειά
841 482 932 523 mg.
967 472 1037 511 24.

172 574 174 576 v
247 545 446 604 denique
479 559 535 591 ex
565 548 668 604 ipso
700 547 743 591 V
773 548 1036 605 descriptus
1069 562 1170 592 esse
1201 549 1389 593 uidetur
1420 549 1520 594 cod.
1546 548 1807 594 Uindobon.

129 614 280 670 suppl.
313 628 380 671 gr.
414 618 470 657 36
501 615 578 669 (64
613 614 810 671 Kollar>,
852 615 1055 660 chartac.
1089 628 1207 659 saec.
1241 614 1340 671 XV,
1381 616 1460 671 qui
1497 616 1675 671 priores
1705 617 1810 659 tan-

128 682 229 724 tum
260 680 376 724 duos
406 679 551 724 libros
585 679 860 725 Conicorum
892 680 1102 725 continet
1133 681 1241 739 (fuit
1273 681 1456 726 comitis
1488 680 1810 737 Hohendorf);

126 760 279 803 neque
311 746 434 790 enim
464 746 514 790 in
544 747 620 803 fig.
654 746 710 802 ΙΙ,
744 752 798 790 32
832 749 885 790 Ν
911 747 1120 792 litteram
1151 747 1318 803 habet,
1351 749 1399 792 et
1431 762 1459 790 a
1488 747 1531 790 V
1563 760 1669 790 eum
1698 760 1811 803 pen-

131 813 240 857 dere
273 811 526 856 ostendunt
557 812 815 870 scripturae
847 829 893 870 p.
925 818 976 869 2,
1011 817 1067 856 15
1108 809 1288 873 εὔπλῳ,
1334 830 1379 871 p.
1412 818 1520 867 226,
1554 818 1580 856 6
1612 810 1686 871 τό]
1721 827 1811 858 om.

131 879 329 924 Uindob.
355 880 404 923 et
425 880 475 923 in
499 881 704 924 extremo
728 893 868 924 uersu
885 880 939 924 V.
984 881 1175 924 lacunas
1199 895 1243 936 p.
1263 885 1289 924 2
1315 894 1408 925 non
1431 880 1590 937 habet,
1622 894 1667 936 p.
1690 885 1731 935 2,
1758 883 1812 922 12

131 939 187 989 ὃν
220 944 273 989 δέ
305 959 391 1002 pro
424 942 494 990 ὅν.
557 946 763 989 ceterum
794 945 916 989 nihil
948 946 1006 989 de
1038 960 1092 990 eo
1125 946 1244 990 mihi
1274 945 1494 990 innotuit.

249 1028 432 1070 restant
462 1026 668 1071 eiusdem
702 1026 861 1072 classis
894 1027 1023 1071 codd.
1058 1032 1099 1082 8,
1138 1031 1202 1082 12,
1237 1032 1308 1082 21,
1341 1031 1413 1082 23,
1450 1040 1565 1100 quos
1596 1039 1757 1070 omnes
1789 1038 1815 1069 e

133 1093 293 1138 codice
332 1098 357 1136 2
400 1092 627 1150 originem
667 1093 833 1137 ducere
875 1092 1079 1137 ostendit
1119 1107 1244 1137 error
1291 1092 1550 1137 communis
1590 1089 1814 1148 κρύπτειν

131 1174 177 1216 p.
204 1164 245 1215 4,
270 1163 348 1215 273
380 1159 450 1202 ita
480 1157 606 1203 enim
636 1161 828 1215 propter
850 1159 1070 1203 litteras
1057 1175 1106 1202 111
1128 1159 1185 1215 V,
1217 1161 1270 1204 ut
1293 1158 1404 1213 dixi,
1438 1159 1724 1203 deformatas
1763 1168 1900 1200 Mutia
1924 1168 1964 1199 Π

132 1240 216 1283 pro
246 1229 425 1282 κρίνειν
456 1225 557 1268 cod.
583 1230 609 1268 2
644 1228 775 1280 (corr.
800 1240 860 1270 m
886 1228 1013 1281 rec.).
1060 1226 1252 1270 lacunas
1283 1241 1327 1282 p.
1347 1230 1373 1268 2
1405 1240 1501 1270 non
1534 1212 1992 1297 habent.Par11³g42354

133 1294 289 1336 utrum
323 1305 481 1335 omnes
514 1304 571 1335 ex
601 1291 702 1348 ipso
735 1291 835 1336 cod.
862 1297 887 1335 2
922 1291 1145 1348 descripti
1175 1292 1268 1336 sint
1299 1307 1359 1335 an
1385 1292 1504 1336 alius
1534 1304 1591 1335 ex
1613 1291 1722 1346 alio,
1762 1314 1857 1347 Gud
1875 1324 1928 1354 gr
1948 1317 1989 1348 12

132 1373 215 1439 pro
241 1359 367 1402 certo
392 1357 637 1400 adfirmare
659 1371 752 1400 non
775 1371 985 1414 possum3
1020 1358 1098 1402 cfr.
1116 1372 1160 1413 Ρ,
1180 1363 1221 1412 2,
1239 1362 1267 1401 4
1293 1356 1412 1415 ἔχοι]
1439 1362 1541 1413 2,8‚
1560 1362 1629 1411 12,
1648 1361 1718 1412 23,
1759 1366 1900 1399 Canon.
1926 1367 1990 1398 106

135 1423 233 1481 ἔχει
263 1429 342 1479 21;
382 1439 427 1480 p.
453 1429 494 1478 2,
522 1427 575 1466 12
608 1419 686 1481 όν]
720 1419 775 1467 ὃν
807 1422 862 1467 δέ
894 1428 935 1479 2,
960 1428 1002 1478 8,
1029 1428 1098 1479 12,
1125 1429 1195 1479 21,
1221 1429 1295 1478 233
1339 1421 1576 1479 ἐσχόλαζε]
1609 1427 1650 1476 2,
1676 1427 1716 1478 8,
1746 1427 1814 1477 12,

135 1488 382 1547 ἐσχόλαζεν
414 1494 486 1543 21,
519 1494 596 1543 233
646 1504 692 1546 p.
726 1493 775 1543 2,
814 1494 866 1533 19
907 1487 1281 1547 συμμεμιχότων]
1322 1494 1364 1544 2,
1397 1494 1438 1543 8,
1473 1494 1542 1546 12,
1574 1493 1652 1544 21,
1701 1503 1814 1545 συμ-

135 1554 394 1614 μεμιλότων
426 1561 503 1609 23;
550 1570 594 1612 p.
628 1559 678 1609 2,
709 1560 767 1600 20
807 1556 887 1599 καὶ
917 1553 992 1614 τό]
1026 1560 1067 1611 2,
1101 1561 1142 1610 8,
1177 1559 1246 1611 12,
1279 1561 1356 1610 21,
1398 1556 1485 1598 καί
1511 1561 1588 1610 23;
1635 1570 1680 1612 p.
1713 1559 1755 1610 4,
1790 1560 1813 1598 1

135 1622 400 1680 πέπτωκεν]
433 1626 474 1677 8,
510 1627 578 1675 12,
612 1626 691 1675 23,
730 1620 946 1666 πέπτωκε
981 1628 1023 1676 2,
1056 1628 1134 1675 21;
1174 1638 1220 1678 Ρ.
1252 1627 1293 1677 4,
1326 1626 1354 1664 4
1387 1621 1495 1679 καί]
1529 1627 1571 1677 2,
1605 1625 1682 1677 12,
1723 1635 1813 1665 om.

137 1694 176 1744 8,
210 1695 281 1744 21,
313 1694 391 1743 233
434 1685 789 1746 ἐξειργασμένα]
821 1692 1131 1744 2,8,12,21,
1165 1686 1486 1745 ἐξηργασμένα
1518 1693 1596 1742 23,
1635 1704 1681 1744 Ρ.
1714 1691 1755 1741 4,
1789 1691 1814 1729 9

137 1752 359 1812 εἰδήσεις]
384 1760 425 1810 2,
451 1760 492 1810 8,
520 1759 588 1809 12,
614 1759 685 1810 23,
719 1753 895 1809 εἰὸήσις
918 1759 996 1809 21;
1028 1759 1133 1811 Ρ.4,
1162 1760 1215 1798 17
1241 1753 1489 1812 σύνθεσιν]
1515 1760 1556 1807 2,
1581 1758 1623 1809 8,
1652 1758 1719 1808 12,
1746 1758 1817 1803 23,

134 1821 274 1866 θέσιν
307 1826 386 1874 21;
432 1836 478 1897 Ρ.
510 1825 551 1875 4,
585 1826 638 1863 21
673 1819 815 1878 κατά]
850 1826 890 1875 2,
923 1825 1076 1876 8,12,
1120 1835 1210 1864 om.
1243 1825 1315 1875 21,
1348 1824 1425 1873 23,
1469 1835 1514 1876 Ρ.
1550 1824 1680 1874 6,14
1711 1819 1816 1876 τοῦ]

136 1893 176 1943 2,
203 1893 244 1942 8,
269 1892 340 1942 23,
372 1889 457 1931 τοῦ
489 1887 687 1943 κέντρου
719 1888 802 1931 τοῦ
838 1891 914 1940 123
953 1902 999 1943 p.
1033 1890 1164 1942 8,10
1198 1884 1420 1944 ἑκάστην]
1456 1883 1627 1930 ἕκαστη
1659 1885 1709 1928 in
1740 1898 1818 1928 ex-

134 1956 284 1998 tremo
315 1967 456 1997 uersu
486 1958 535 2008 2,
579 1951 751 2007 ἓκαστη
785 1958 825 2007 8,
859 1957 929 2006 12,
962 1958 1039 2007 23;
1088 1968 1132 2008 p.
1165 1957 1207 2006 8,
1242 1957 1295 1997 18
1333 1953 1564 2009 συζυγεῖς]
1598 1957 1638 2005 2,
1672 1955 1714 2006 8,
1745 1955 1817 2004 23,

137 2023 348 2077 συζυγεῖς
387 2018 440 2063 δέ
482 2024 558 2072 12;
611 2035 656 2075 Ρ.
691 2025 739 2073 8,
775 2024 827 2062 19
870 2018 1135 2076 διάμετροι]
1177 2023 1225 2074 2,
1270 2023 1345 2071 12,
1387 2023 1464 2071 23,
1514 2014 1728 2073 ὃιοῖμετρι
1767 2020 1815 2069 8;

136 2102 180 2144 Ρ.
215 2092 254 2139 8,
288 2090 343 2129 21
385 2083 458 2143 α’]
500 2099 588 2128 om.
624 2091 672 2140 8,
718 2089 796 2128 ἇον
828 2089 907 2140 23,
954 2084 1185 2141 θεώρημα
1217 2089 1293 2128 &ov
1327 2091 1402 2139 123
1449 2100 1494 2140 p.
1530 2088 1599 2138 10,
1633 2088 1658 2125 9
1692 2080 1816 2139 ἐστι’]

136 2158 177 2208 2,
213 2158 253 2208 8,
286 2156 364 2206 23,
412 2148 537 2195 ἐστίν
572 2156 639 2195 12.
701 2151 862 2207 itaque
903 2151 1036 2195 codd.
1069 2155 1116 2206 8,
1154 2156 1229 2203 12,
1262 2155 1318 2194 23
1360 2149 1632 2206 apographa
1669 2148 1817 2205 ipsius

139 2219 240 2263 cod.
266 2223 291 2262 2
316 2218 466 2262 uideri
488 2219 697 2273 possunt,
730 2217 830 2261 cod.
857 2222 910 2260 21
939 2218 1095 2260 autem
1120 2217 1318 2261 fortasse
1344 2231 1399 2260 ex
1424 2217 1522 2261 cod.
1549 2221 1604 2259 23
1630 2215 1817 2271 pendet.

140 2286 237 2329 cod.
270 2289 326 2327 21
361 2284 580 2339 quoniam
612 2282 841 2326 Matthaei
872 2282 1077 2339 Macigni
1115 2282 1226 2335 fuit,
1268 2282 1367 2326 sine
1403 2281 1543 2326 dubio
1575 2282 1701 2325 idern
1733 2283 1817 2332 est,

140 2365 279 2405 quem
303 2349 579 2393 Tomasinus
602 2348 898 2393 Bibliotheca
921 2348 1150 2392 Patauina
1172 2348 1493 2405 manuscripta
1517 2363 1564 2404 p.
1589 2350 1672 2391 115
1696 2347 1820 2391 inter

140 2416 323 2460 codices
346 2414 534 2458 Nicolai
551 2414 785 2458 Triuisani
810 2417 1066 2469 enumerat,
1092 2414 1166 2458 cui
1190 2413 1434 2471 Macignus
1460 2412 1818 2458 mathematicus

139 2483 344 2526 Uenetus
374 2480 708 2525 bibliothecam
749 2495 878 2524 suam
917 2480 1162 2535 legauerat
1193 2482 1255 2536 (u.
1288 2480 1564 2524 Tomasinus
1595 2494 1640 2535 p.
1677 2477 1815 2534 1152).

259 2562 388 2607 codd.
423 2560 621 2616 denique
656 2567 680 2605 7
721 2563 769 2605 et
799 2566 855 2605 25
896 2574 920 2604 e
961 2561 1059 2606 cod.
1096 2566 1148 2604 11
1190 2561 1447 2618 descriptos
1486 2574 1609 2615 esse,
1647 2559 1725 2604 uel
1770 2568 1889 2600 Ambr
1871 2576 1943 2600 r.os
1960 2567 1995 2599 A

137 2628 245 2672 inde
278 2628 492 2684 adparet,
525 2628 649 2683 quod
678 2626 729 2670 hi
761 2627 847 2672 soli
876 2627 1090 2670 libellum
1114 2626 1275 2670 Sereni
1306 2628 1363 2670 de
1393 2628 1597 2671 sectione
1622 2625 1727 2670 coni
1772 2613 1969 2700 υέοεὶξῃὲο

141 2697 249 2739 ante
289 2693 489 2738 alterum
527 2694 626 2736 eius
667 2707 781 2750 opus
821 2692 1066 2738 collocant.
1130 2692 1211 2735 cfr.
1251 2697 1494 2749 praeterea
1532 2709 1575 2749 p.
1611 2696 1658 2745 2,
1699 2695 1725 2733 8

141 2758 554 2816 εὖαρεστήσωμεν]
615 2763 667 2802 11
725 2773 864 2816 supra
918 2758 1093 2814 scripto
1149 2755 1294 2815 εὕρω,
1359 2756 1721 2814 εὖρωστήσωμεν
1778 2762 1817 2809 7,

142 2829 522 2905 εὗῗὲἒστήσωμεν
561 2850 641 2898 25;
689 2861 734 2903 Ρ.
768 2852 814 2900 2,
853 2852 905 2890 12
946 2845 1320 2902 παραγενηθείς]
1360 2842 1744 2901 παραγενόμενος
1778 2849 1816 2898 7,

144 2919 213 2970 11,
246 2917 324 2968 253
356 2928 400 2969 Ρ.
434 2918 475 2969 2,
511 2916 565 2955 15
600 2911 772 2971 ἕκπλῳ]
811 2910 1012 2956 ἔκπλουν
1046 2917 1084 2967 7,
1119 2914 1188 2965 11,
1221 2915 1291 2954 25.
