2046 3256
236 125 342 177 178
713 126 1153 170 COMMENTARIA
1181 126 1465 179 ANTIQUA.

236 242 311 300 τὰ
359 244 531 317 παρὰ
580 241 690 309 τὰς
739 244 1137 318 διαμέτρους
1180 245 1288 300 καὶ
1330 243 1484 311 τοὺς
1523 246 1765 313 ἄξονας
1801 255 1933 304 τῶν

233 336 453 405 τομῶν
495 337 953 405 συμβαίνοντα
999 334 1107 389 καὶ
1154 336 1269 400 τὰς
1306 332 1781 406 άσυμπτῶτους
1825 336 1934 392 καὶ

234 420 400 476 ἄλλα
454 420 730 493 γενικὴν
784 421 894 478 καὶ
949 420 1322 494 ἀναγκαίαν
1376 428 1608 495 χρείαν
1656 424 1933 497 παρεχό-

233 532 397 582 μενα
444 509 609 583 πρὸς
654 509 810 576 τοὺς
850 511 1260 582 διορισμούς.
1339 509 1369 568 ὁ
1411 511 1473 568 δὲ
1513 515 1807 585 διορισμὸς
1846 512 1933 570 ὅτι

179 612 205 652 5
239 602 473 665 διπλοῦς
516 602 658 670 ἐστι,
705 605 876 656 παντί
909 621 1019 656 που
1061 604 1261 672 δῆλον,
1312 599 1341 658 ὁ
1382 602 1486 674 μὲν
1532 602 1667 674 μετὰ
1706 602 1810 675 τὴν
1849 607 1930 659 ἔκ-

148 1058 202 1098 10

144 1504 199 1544 15

142 1949 200 1990 20

144 2391 200 2433 25

234 697 402 744 θεσιν
452 689 797 761 ἐφιστάνων,
851 694 911 745 τί
957 694 1071 745 ἔστι
1116 689 1179 746 τὸ
1221 692 1588 763 ζητούμενον,
1645 689 1675 748 ὁ
1721 692 1784 748 δὲ
1828 690 1934 764 τὴν

233 777 508 851 πρότασιν
558 775 627 834 οὐ
676 782 985 850 συγχωρῶν
1032 779 1346 851 καθολικὴν
1393 778 1564 851 εἶναι,
1619 783 1800 852 λέγων
1849 782 1930 853 δέ,

234 867 367 922 πότε
405 867 498 923 καὶ
538 871 654 933 πῶς
692 868 784 923 καὶ
823 872 1086 940 ποσαχῶς
1126 869 1374 925 δυνατὸν
1407 873 1679 941 συστῆναι
1708 870 1771 927 τὸ
1803 892 1933 944 προ-

233 957 554 1027 τιθέμενον,
596 951 715 1021 οἷός
747 958 898 1012 ἐστιν
933 956 962 1012 ὁ
995 958 1057 1012 ἐν
1088 961 1163 1033 τῷ
1192 961 1421 1035 εἰκοστῷ
1449 961 1689 1031 δευτέρῳ
1714 959 1933 1031 θεωρή-

234 1067 362 1117 ματι
395 1047 497 1101 τοῦ
528 1044 755 1116 πρῶτου
786 1050 1011 1117 βιβλίου
1041 1050 1139 1117 τῆς
1170 1043 1483 1103 Εὐκλείδου
1516 1048 1932 1121 στοιχειῶσεως·

235 1136 295 1190 ἐκ
333 1137 505 1207 τριῶν
546 1132 808 1205 εὐθειῶν,
849 1138 912 1190 αἵ
947 1139 1092 1191 εἰσιν
1132 1142 1248 1191 ἴσαι
1286 1137 1434 1208 τρισὶ
1473 1148 1593 1202 ταῖς
1625 1140 1932 1208 δοθείσαις,

232 1227 510 1294 τρίγωνον
559 1223 970 1295 συστήσασθαι·
1028 1228 1117 1280 δεῖ
1167 1223 1237 1297 δὴ
1292 1226 1390 1291 τὰς
1437 1225 1541 1282 δύο
1588 1229 1686 1298 τῆς
1732 1230 1932 1298 λοιπῆς

234 1316 492 1383 μείζονας
546 1311 690 1368 εἶναι
737 1313 917 1387 πάντῃ
965 1315 1553 1386 μεταλαμβανομένας,
1609 1314 1796 1387 ἐπειδὴ
1846 1316 1934 1371 δέ-

235 1405 470 1472 δεικται,
538 1399 622 1458 ὅτι
677 1401 887 1468 παντὸς
938 1402 1220 1475 τριγώνου
1274 1407 1337 1458 ac
1386 1403 1491 1460 δύο
1546 1405 1781 1478 πλευραὶ
1835 1407 1932 1475 τῆς

233 1495 428 1562 λοιπῆς
466 1492 712 1562 μείζονές
752 1495 859 1547 εἰσι
902 1492 1082 1565 πάντῃ
1124 1492 1697 1564 μεταλαμβανόμεναι.
1765 1494 1829 1550 τὸ
1870 1493 1932 1549 δὲ

233 1585 424 1652 τρίτον
454 1583 568 1635 τῶν
592 1584 850 1637 κωνικῶν
874 1583 1148 1653 περιέχειν
1181 1582 1319 1653 φησὶ
1350 1580 1558 1638 πολλὰ
1589 1582 1696 1638 καὶ
1728 1583 1934 1655 παρά-

235 1670 393 1735 δοξα
441 1669 839 1741 θεωρήματα
886 1670 1173 1743 χρήσιμα
1211 1673 1372 1742 πρὸς
1418 1671 1531 1737 τὰς
1573 1672 1931 1737 συνθέσεις

231 1761 360 1813 τῶν
409 1762 693 1830 στερεῶν
740 1759 972 1816 τόπων.
1052 1762 1346 1826 ἐπιπέδους
1391 1760 1597 1826 τόπους
1643 1764 1777 1826 ἔθος
1814 1771 1931 1826 τοῖς

232 1852 489 1912 παλαιοῖς
526 1849 860 1920 γεωμέτραις
899 1851 1106 1920 λέγειν,
1157 1849 1293 1905 ὅταν
1333 1850 1420 1906 ἐπὶ
1460 1859 1574 1906 τῶν
1613 1848 1932 1923 προβλημά-

231 1957 345 1991 των
386 1935 493 1991 οὐκ
531 1935 631 2007 ἀφ’
669 1936 793 2003 ἑνὸς
833 1943 1066 2010 σημείου
1100 1938 1300 2010 μόνον,
1341 1937 1463 1995 ἀλλ’
1502 1937 1610 1994 ἀπὸ
1650 1938 1931 1995 πλειόνων

232 2028 447 2095 γίνεται
486 2024 549 2080 τὸ
589 2026 902 2099 πρόβλημα,
944 2023 1067 2084 οἷον
1108 2032 1159 2083 εἰ
1196 2028 1435 2095 ἐπιτάξει
1466 2049 1548 2094 τις
1580 2027 1805 2094 εὐθείας
1836 2031 1930 2084 δο-

231 2118 430 2185 θείσης
483 2117 899 2187 πεπερασμένης
954 2115 1142 2187 εὑρεῖν
1196 2139 1249 2173 τι
1305 2129 1567 2188 σημεῖον,
1626 2114 1726 2188 ἀφ’
1780 2109 1848 2173 οὗ
1894 2111 1929 2188 ἡ

232 2200 473 2273 ἀχθεῖσα
527 2202 766 2269 κάθετος
828 2204 914 2259 ἐπὶ
968 2204 1071 2277 τὴν
1116 2206 1399 2261 ’δοθεῖσαν
1452 2206 1590 2277 μέση
1646 2203 1930 2276 ἀνάλογον

231 2296 445 2361 γίνεται
492 2295 605 2348 τῶν
650 2293 975 2364 τμημάτων,
1029 2294 1201 2350 τόπον
1248 2296 1485 2350 καλοῦσι
1531 2295 1594 2350 τὸ
1644 2297 1928 2350 τοιοῦτον·

236 2379 305 2435 οὐ
336 2379 520 2451 μόνον
551 2379 657 2451 γὰρ
691 2385 752 2437 ἓν
786 2383 1018 2454 σημεῖόν
1044 2386 1158 2440 ἐστι
1189 2381 1251 2439 τὸ
1284 2386 1489 2439 ποιοῦν
1520 2381 1583 2438 τὸ
1615 2382 1927 2454 πρόβλημα,

233 2466 375 2524 ἀλλὰ
416 2468 585 2533 τόπος
625 2468 771 2539 ὅλος,
811 2467 878 2525 ὃν
918 2475 1028 2543 ἔχει
1067 2469 1101 2542 ἡ
1143 2473 1466 2543 περιφέρεια
1504 2474 1606 2526 τοῦ
1644 2471 1770 2544 περὶ
1810 2470 1930 2526 διά-

226 2579 439 2633 μετρον
485 2556 589 2628 τὴν
638 2562 909 2614 δοθεῖσαν
958 2559 1189 2616 εὐθεῖαν
1235 2559 1459 2615 κύκλου.
1540 2559 1639 2615 ἐὰν
1685 2558 1792 2632 γὰρ
1841 2559 1930 2615 ἐπὶ

231 2650 329 2718 τῆς
373 2650 638 2717 δοθείσης
678 2645 903 2712 εὐθείας
941 2647 1273 2720 ἡμικύκλιον
1310 2651 1519 2721 γραφῇ,
1561 2646 1695 2720 ὅπερ
1735 2648 1807 2703 ἂν
1841 2648 1928 2703 ἐπὶ

231 2739 328 2806 τῆς
366 2741 720 2807 περιφερείας
751 2736 925 2808 λάβῃς
957 2749 1189 2808 σημεῖον
1228 2737 1319 2792 καὶ
1353 2734 1446 2791 ἀπ’
1476 2735 1652 2792 αὐτοῦ
1683 2736 1927 2792 κάθετον

230 2826 330 2836 μ*

352 2875 391 2913 6.
427 2867 553 2914 ἔστιν
585 2868 659 2914 W.
814 2874 854 2914 9.
897 2867 1080 2914 εἰκοστο
1112 2870 1186 2915 W.
1342 2874 1412 2915 11.
1444 2870 1593 2925 τρισίν
1624 2869 1699 2916 W.
1853 2873 1923 2914 15.

232 2926 351 2972 εἰσιν
383 2928 458 2973 W.
585 2933 652 2973 16.
689 2932 833 2985 φησίν
856 2928 931 2973 W.
1055 2935 1125 2974 22.
1160 2945 1278 2974 πε-
1311 2928 1359 2973 in
1390 2943 1483 2986 mg.
1508 2929 1678 2973 transit
1709 2944 1768 2973 m.
1799 2933 1821 2972 1
1848 2927 1922 2972 W.
