2046 3256
186 735 211 775 5

159 1257 213 1296 10

158 1717 212 1757 15

159 2191 215 2231 20

246 156 355 208 236
535 206 537 208 ,
719 157 1158 203 COMMENTARIA
1188 159 1469 212 ANTIQUA.

247 278 349 331 τοῦ
388 273 496 331 ἀπὸ
537 281 670 332 ΘΜ
700 282 827 332 ἴσον
866 284 944 353 τῷ
985 273 1155 352 αὐτῷ,
1193 299 1257 333 το
1298 276 1360 333 δὲ
1399 274 1510 333 ἀπὸ
1543 282 1675 333 ΘΜ
1702 286 1806 334 τοῦ
1837 276 1945 335 ἀπὸ

247 370 388 419 ΗΜ
419 370 623 437 μεῖζον,
662 387 724 421 το
764 363 873 438 ἄρα
905 362 1013 422 ὑπὸ
1050 371 1226 421 ΒΗΑ
1266 370 1452 438 μεῖζον
1488 369 1590 423 τοῦ
1621 363 1728 423 ὑπὸ
1765 373 1946 425 ΒΘΑ.

919 531 1035 595 Εἰς
1071 530 1143 585 τὸ
1185 529 1283 585 κε’.

344 631 449 690 ’'Ev
487 650 599 689 τισι
638 634 864 707 φέρεται
902 634 995 689 καὶ
1035 635 1175 705 αὕτη
1216 631 1250 706 ἡ
1292 632 1590 700 ἀπόδειξις·

359 723 614 796 εἰλήφθω
654 744 707 779 τι
747 734 979 795 σημεῖον
1021 723 1110 778 ἐπὶ
1148 726 1246 795 τῆς
1284 726 1456 795 τομῆς
1494 724 1556 779 τὸ
1592 729 1657 795 Θ,
1696 723 1790 779 καὶ
1830 725 1947 780 έπε-

248 811 461 884 ζεύχθω
502 810 535 884 ἡ
579 818 698 868 ΖΘ·
747 810 782 885 ἡ
824 819 927 869 ΖΘ
973 811 1082 886 ἄρα
1122 813 1499 884 ἐκβαλλομένη
1541 816 1839 885 συμπίπτει
1877 814 1943 886 τῇ

244 906 374 956 ΔΓ·
425 899 563 958 ὥστε
609 903 702 958 καὶ
750 900 784 974 ἡ
834 908 953 958 ΖΕ.
1030 902 1200 958 πάλιν
1250 901 1320 974 δὴ
1369 901 1649 975 εἰλήφθω,
1696 902 1788 959 καὶ
1832 903 1947 958 έπε-

247 991 460 1063 ζεύχθω
501 989 535 1062 ἡ
570 997 679 1047 ΚΖ
709 991 802 1047 καὶ
834 990 1219 1063 ἐκβεβλήσθω·
1254 1002 1612 1063 συμπεσεῖται
1645 989 1715 1063 δὴ
1746 994 1813 1064 τῇ
1839 997 1949 1047 ΒΑ

246 1082 646 1154 ἐκβαλλομένη
689 1077 827 1136 ὥστε
867 1082 959 1137 καὶ
999 1078 1033 1154 ἡ
1075 1087 1201 1137 ΖΗ.

915 1247 1031 1309 Εἰς
1068 1246 1139 1300 τὸ
1179 1243 1283 1304 κς’.
1363 1256 1369 1261 ’

365 1347 439 1404 Τὸ
487 1350 757 1420 θεώρημα
796 1350 961 1407 τοῦτο
1002 1347 1235 1414 πτώσεις
1275 1352 1386 1420 ἔχει
1424 1350 1677 1419 πλείους,
1723 1350 1947 1421 πρῶτον

245 1438 373 1508 μέν,
421 1435 508 1493 ὅτι
546 1434 580 1509 ἡ
623 1443 725 1492 ΕΖ
771 1434 803 1509 ἢ
845 1437 933 1493 ἐπὶ
971 1436 1038 1493 τὰ
1077 1436 1250 1509 κυρτὰ
1292 1437 1430 1510 μέρη
1471 1441 1568 1509 τῆς
1606 1446 1780 1510 τομῆς
1818 1442 1949 1509 λαμ-

245 1525 476 1596 βάνεται
527 1524 601 1593 ὡς
648 1528 898 1582 ἐνταῦθα
944 1523 979 1598 ἢ
1028 1526 1116 1582 ἐπὶ
1164 1550 1229 1583 τα
1277 1534 1464 1598 κοῖλα,
1521 1530 1732 1598 ἔπειτα,
1781 1524 1867 1583 ὅτι
1913 1524 1947 1598 ἡ

245 1614 353 1671 ἀπὸ
410 1618 515 1671 τοῦ
568 1621 621 1671 Ε
669 1615 820 1688 παρὰ
875 1616 1220 1687 τεταγμένως
1272 1617 1625 1688 κατηγμένην
1681 1619 1788 1671 ἔσω
1845 1615 1948 1687 μὲν

246 1703 378 1760 καθ’
432 1707 494 1760 ἓν
550 1715 780 1777 σημεῖον
830 1704 1135 1777 συμβάλλει
1183 1704 1510 1778 ἀδιαφόρως
1556 1713 1622 1779 τῇ
1671 1706 1948 1780 διαμέτρῳ

246 1791 454 1868 ἀπείρῳ
497 1792 659 1868 οὔσῃ,
700 1796 800 1860 ἔξω
845 1793 906 1850 δὲ
947 1787 1089 1850 οὖσα
1127 1794 1219 1850 καὶ
1259 1793 1498 1866 μάλιστα
1539 1794 1626 1849 ἐπὶ
1657 1796 1755 1865 τῆς
1784 1791 1948 1865 ὑπερ-

247 1884 416 1954 βολῆς
471 1886 580 1953 ἔχει
628 1884 795 1938 θέσιν
843 1879 877 1954 ἢ
925 1883 1169 1954 ἐξωτέρω
1217 1886 1318 1938 τοῦ
1366 1889 1411 1937 Β
1460 1879 1493 1954 ἢ
1542 1882 1630 1938 ἐπὶ
1675 1884 1778 1939 τοῦ
1817 1887 1864 1936 Β
1913 1879 1946 1954 ἢ

246 1972 449 2044 μεταξὺ
488 1973 600 2027 τῶν
642 1979 717 2042 Α,
751 1977 814 2028 Β.

918 2078 1033 2140 Εἰς
1072 2075 1139 2131 τὸ
1181 2075 1280 2142 κζ’.

346 2178 451 2234 ’Έν
490 2195 638 2235 τισιν
672 2176 1038 2251 ἀντιγράφοις
1072 2174 1174 2235 τοῦ
1205 2179 1286 2246 κζ’
1327 2177 1690 2251 θεωρήματος
1721 2179 1948 2251 φέρεται

248 2267 477 2339 τοιαύτη
518 2266 821 2334 ἀπόδειξις·

333 2361 500 2428 ,ἔστω
540 2356 860 2429 παραβολή,
907 2350 973 2428 ἧς
1017 2355 1312 2429 διάμετρος
1351 2354 1384 2427 ἡ
1426 2362 1560 2428 ΑΒ,
1608 2356 1701 2412 καὶ
1738 2356 1947 2428 ταύτην

248 2446 489 2517 τεμνέτω
547 2444 745 2500 εὐθεῖά
792 2467 875 2511 τις
921 2443 955 2517 ἡ
1003 2452 1123 2501 ΗΔ
1170 2446 1329 2510 ἐντὸς
1374 2448 1471 2516 τῆς
1517 2448 1701 2518 τομῆς.
1785 2446 1947 2516 λέγω,

372 2613 410 2653 1.
449 2607 577 2665 ΘΜ]
614 2609 699 2652 ΘΒ
732 2623 775 2664 p.
880 2609 1011 2667 ΘΜ]
1049 2610 1134 2654 ΘΒ
1166 2625 1211 2666 p.
1329 2613 1370 2652 2.
1407 2611 1520 2652 HM
1545 2622 1569 2652 e
1603 2621 1718 2653 corr.
1750 2623 1793 2665 p.
1903 2612 1945 2652 3.

250 2665 345 2725 κε’]
379 2680 520 2724 supra
553 2682 574 2711 ε
609 2681 692 2712 scr.
730 2669 758 2726 β
789 2681 848 2710 m.
878 2672 899 2711 1
934 2683 980 2724 p.
1102 2672 1144 2713 4.
1177 2682 1297 2712 τισιν
1328 2667 1403 2712 W.
1527 2672 1566 2712 7.
1602 2667 1722 2725 ΔΓ]
1757 2670 1799 2710 Δ
1829 2680 1945 2712 corr.

251 2741 306 2771 cx
343 2730 385 2770 Γ
412 2726 462 2770 in
494 2724 631 2771 scrib.
664 2725 737 2770 W.
893 2731 932 2772 9.
966 2723 1017 2785 ἡ]
1052 2727 1231 2784 scripsi,
1263 2727 1318 2785 τῇ
1353 2726 1468 2783 Wp.
1621 2731 1688 2770 10.
1722 2723 1825 2784 κς’]
1860 2739 1887 2774 ς
1921 2739 1946 2770 e

251 2799 365 2830 corr.
399 2800 459 2830 m.
496 2790 519 2829 1
553 2800 599 2840 p.
756 2790 824 2829 12.
864 2782 915 2843 ἤ]
951 2800 1041 2831 om.
1073 2801 1117 2843 p.
1275 2790 1343 2830 14.
1383 2785 1471 2842 τε-]
1513 2785 1564 2829 in
1594 2798 1684 2830 ras,
1717 2785 1827 2830 ante
1858 2798 1945 2829 ras.

250 2849 381 2889 2—3
414 2844 506 2889 litt.
538 2844 616 2890 W.
770 2842 878 2903 ἔσω]
922 2844 1109 2902 scripsi,
1150 2843 1236 2897 ἕως
1267 2843 1380 2901 Wp.
1536 2848 1605 2889 15.
1645 2839 1944 2919 ἀδιαφόρως]

250 2903 433 2961 scripsi,
465 2901 706 2961 διαφόρως
736 2903 851 2961 Wp.
993 2909 1062 2950 17.
1094 2903 1255 2963 θέσιν]
1291 2918 1438 2961 comp.
1471 2918 1517 2975 p,
1549 2901 1687 2947 θέσει
1716 2902 1791 2946 W.
1912 2919 1943 2958 η

251 2959 335 3007 ἐπί
362 2989 419 2996 -
455 2967 524 3008 18.
557 2962 757 3022 μεταξύ]
798 2964 848 3007 in
885 2976 974 3007 ras.
1016 2978 1062 3020 p.
1216 2968 1286 3009 19.
1325 2962 1410 3014 Εἰς
1448 2979 1501 3007 το
1542 2959 1645 3020 κζ’]
1686 2961 1769 3007 καὶ
1807 2961 1946 3006 τοῦτο
