2046 3256
256 147 368 201 104
916 149 1296 194 FRAGMENTA.

255 260 341 332 οἷς
387 264 671 337 ἀχθεισῶν
719 267 779 322 ἐν
828 264 1041 340 ἑκάστῳ
1090 266 1461 339 παραλλήλων
1507 270 1574 341 τῇ
1613 267 1771 339 βάσει
1812 274 1951 325 ἴσων

252 353 317 410 τὸ
379 358 596 426 πλῆθος
651 357 714 409 αἱ
761 353 1108 427 παράλληλοι
1161 355 1255 411 καὶ
1309 358 1371 411 αἱ
1421 354 1613 426 βάσεις
1664 357 1804 428 πρὸς
1854 355 1953 422 τὰς

254 439 710 515 ἄποτεμνομένας
756 440 865 499 άπὸ
913 452 1031 500 τῶν
1078 445 1392 516 διαμέτρων
1437 443 1578 517 πρὸς
1621 456 1742 511 ταῖς
1785 466 1952 517 κορυ-

253 543 387 603 φαῖς
427 534 487 588 ἐν
526 543 644 598 τοῖς
675 529 867 598 αὐτοῖς
904 531 1096 604 λόγοις
1135 533 1240 588 εἰσὶ
1279 533 1373 588 καὶ
1405 535 1469 589 αἰ
1504 530 1950 606 άποτεμνόμεναι
2044 588 2046 607 ,

192 634 221 673 5
253 620 394 693 πρὸς
430 621 527 687 τὰς
565 619 1032 692 άποτεμνομένας.

366 739 415 794 5.
454 739 717 794 Eutocius
757 742 815 794 in
853 742 1234 795 Archimedem
1272 742 1356 794 ΠΙ
1393 762 1444 812 p.
1485 737 1616 813 332⁶,
1660 745 1752 797 11:

364 841 476 896 Καὶ
517 839 604 897 ὅτι
643 845 704 897 αἱ
737 842 1051 915 παραβολαὶ
1089 851 1261 898 πᾶσαι
1302 841 1498 915 ὅμοιαί
1531 847 1690 900 εἰσιν.

367 962 415 1016 6.
453 962 717 1016 Eutocius
756 963 814 1016 in
852 963 1234 1017 Archimedem
1274 963 1358 1016 III
1397 984 1445 1035 p.
1489 965 1622 1035 328,
1661 965 1696 1018 2
1737 983 1837 1035 sq.:

361 1061 581 1135 Ἐπειδὴ
645 1067 708 1119 αἱ
757 1071 889 1135 ΕΘ,
930 1070 1043 1120 ΖΚ
1099 1064 1450 1137 παράλληλοί
1499 1069 1616 1122 ἐἰσι
1668 1066 1762 1122 καὶ
1818 1073 1949 1139 ἴσαι,

163 1166 220 1206 10
253 1150 541 1223 διάμετροι
576 1145 740 1208 οὖσαι
771 1156 883 1210 τῶν
918 1160 1058 1209 ἴσων
1087 1152 1389 1226 τμημάτων
1419 1155 1512 1210 καὶ
1537 1154 1950 1228 ἐφαρμόζουσαι

251 1238 544 1312 ἀλλήλαις,
585 1238 659 1306 ῶς
699 1244 760 1298 ἐν
799 1245 877 1317 τῷ
920 1242 973 1300 ς’
1015 1245 1128 1299 τῶν
1167 1245 1423 1299 κωνικῶν
1464 1244 1753 1300 δέδεικται.

543 1361 625 1415 De
666 1362 874 1416 duabus
914 1363 1106 1416 mediis
1144 1364 1661 1433 proportionalibus,

366 1466 411 1518 7.
451 1465 670 1536 Pappus
709 1465 815 1536 ΙΙΙ,
854 1468 922 1521 21
965 1487 1015 1537 p.
1057 1467 1151 1521 56:

365 1558 537 1622 Οὗτοι
590 1565 699 1638 γὰρ
757 1565 1163 1639 ὁμολογοῦντες
1219 1567 1447 1642 στερεὸν
1502 1566 1650 1625 εἶναι
1701 1567 1764 1625 τὸ
1812 1569 1949 1643 πρό-

162 1669 217 1709 15
248 1658 433 1725 βλημα
457 1654 561 1725 τὴν
584 1655 933 1727 κατασκευὴν
958 1654 1136 1712 αὐτοῦ
1162 1656 1341 1728 μόνον
1360 1655 1671 1729 ὀργανικῶς
1685 1661 1947 1729 πεποίην-

246 1764 338 1798 ται
386 1742 703 1815 συμφώνως
744 1743 1096 1820 Ἀπολλωνίῳ
1142 1748 1218 1821 τῷ
1267 1749 1555 1821 Περγαίῳ,
1604 1743 1666 1812 ἲς
1712 1746 1804 1802 καὶ
1843 1744 1946 1818 τὴν

246 1829 525 1887 ἀνάλυσιν
565 1831 742 1909 αὐτοῦ
781 1838 1075 1906 πεποίηται
1115 1835 1209 1890 διὰ
1243 1837 1356 1890 τῶν
1387 1838 1489 1890 τοῦ
1521 1834 1711 1892 κῶνον
1742 1838 1943 1907 τομῶν.

363 1954 412 2006 8.
450 1952 713 2007 Eutocius
752 1956 809 2008 in
850 1955 1232 2008 Archimedem
1271 1955 1356 2008 III
1394 1974 1444 2025 p.
1488 1956 1557 2009 76
1599 1974 1699 2025 sq.:

799 2057 902 2122 Ὡς
934 2055 1388 2121 Ἀπολλώνιος.

157 2171 217 2211 20
346 2156 637 2214 ’Ἑστωσαν
692 2162 754 2213 αἱ
806 2162 1066 2229 δοθεῖσαι
1122 2158 1227 2215 δύο
1277 2158 1521 2230 εὐθεῖαι,
1577 2152 1657 2215 ῶν
1705 2163 1794 2215 δεῖ
1839 2159 1945 2216 δύο

245 2247 417 2316 μέσας
464 2244 750 2317 ἀνάλογον
797 2245 1009 2320 εὑρεῖν,
1058 2250 1120 2302 αί
1155 2253 1329 2303 ΒΑΓ
1368 2246 1553 2319 ὀρθὴν
1591 2250 1945 2321 περιέχουσαι

245 2339 459 2404 γωνίαν
520 2337 625 2406 τὴν
687 2335 830 2407 πρὸς
888 2339 965 2411 τῷ
1021 2344 1087 2391 A.
1179 2336 1271 2391 καὶ
1326 2337 1535 2409 κέντρῳ
1590 2336 1693 2408 μὲν
1746 2340 1821 2412 τῷ
1876 2344 1943 2408 Β,

247 2422 577 2494 διαστήματι
625 2423 688 2479 δὲ
734 2427 811 2500 τῷ
852 2431 904 2479 Α
916 2429 970 2479 Γ
1006 2424 1218 2480 κύκλου
1263 2424 1586 2497 περιφέρεια
1631 2423 1942 2497 γεγράφθω

243 2508 281 2581 ἡ
323 2515 507 2565 ΚΘΛ.
576 2511 669 2565 καὶ
707 2513 876 2577 πάλιν
915 2514 1125 2587 κέντρῳ
1165 2520 1240 2587 τῷ
1280 2517 1333 2566 Γ
1365 2512 1458 2566 καὶ
1499 2511 1827 2584 διαστήματι
1864 2516 1943 2589 τῷ

154 2613 215 2652 25
251 2605 356 2654 AB
403 2598 613 2654 κύκλου
659 2601 984 2673 περιφέρεια
1029 2599 1339 2672 γεγράφθω
1387 2597 1421 2670 ἡ
1464 2606 1659 2656 ΜΘΝ
1687 2601 1781 2656 καὶ
1818 2622 1941 2673 τεμ-

369 2767 409 2807 6.
441 2761 624 2819 Fragm.
652 2764 678 2804 5
711 2761 1004 2808 continuatio
1038 2764 1110 2808 est
1139 2761 1461 2820 praecedentis
1493 2763 1542 2807 et
1572 2762 1680 2808 ideo
1713 2763 1761 2807 et
1783 2762 1937 2819 ipsum

245 2821 308 2865 ad
338 2821 642 2878 Apollonium
671 2820 987 2875 referendum3
1028 2824 1100 2867 est
1131 2822 1210 2879 VI,
1245 2826 1313 2867 11.
1445 2826 1514 2865 11.
1549 2820 1619 2879 ς’]
1653 2822 1735 2866 cfr.
1760 2820 1840 2874 VI,
1867 2826 1936 2866 19.

309 2885 378 2925 12.
414 2880 505 2926 Cfr,
539 2879 694 2925 Conic.
719 2879 777 2935 V,
810 2883 865 2924 52
898 2895 942 2937 p.
970 2885 1041 2935 37,
1073 2885 1100 2924 8
1134 2881 1206 2926 ed.
1239 2879 1421 2936 Halley.
1571 2884 1639 2925 16.
1673 2878 1939 2938 συμφώνως

245 2942 340 2984 κτλ.
373 2938 702 2997 interpolatori
731 2938 899 2984 tribuit
927 2938 1142 2984 Hultsch.
