2020 3236
176 1051 229 1090 10

176 1584 231 1624 15

176 2027 235 2067 20

265 120 375 174 330
566 144 572 151 -
735 118 1174 163 COMMENTARIA
1196 119 1487 172 ἸΑΝΊῚρῐῙΑ.

261 243 369 295 πόν
395 240 564 309 ἐστιν,
592 235 665 303 ὡς
690 235 826 293 ὅλον
850 234 990 310 πρῷς
1007 234 1157 293 ὅλον.
1213 233 1350 314 ἀλλ’.
1367 234 1465 293 ἐὰν
1483 235 1585 308 μὲν
1601 237 1710 294 ἀπὸ
1727 240 1830 294 τοῦ
1847 234 1955 295 ἀπὸ

261 334 315 383 Ε
323 334 370 384 Ο
393 325 681 400 ἀφαιρεθῇ
705 324 769 382 τὸ
797 322 906 382 ἀπὸ
926 332 1065 397 ΛΠ,
1089 326 1340 382 τουτέστι
1357 323 1419 382 τὸ
1438 323 1547 381 ἀπὸ
1558 312 1614 381 'Z
1625 331 1690 398 Ο,
1715 331 1964 383 καταλεί-
1993 323 1998 326 ’

263 436 421 472 πεται
467 414 529 472 τὸ
579 412 689 471 ὑπὸ
728 420 918 470 ΚΖΕ·
967 423 1057 485 ἴση
1106 413 1213 487 γὰρ
1262 412 1297 486 ἡ
1338 419 1452 470 KO
1489 417 1555 487 τῇ
1598 419 1725 470 ΟΕ·
1764 414 1864 472 ἐὰν
1903 414 1965 471 δὲ

263 504 372 562 ἀπὸ
413 508 516 561 τοῦ
554 502 663 560 ὑπὸ
698 509 752 559 A
765 502 1199 577 OAdqmcpefifi
1238 502 1302 559 τὸ
1342 500 1452 559 ὑπὸ
1487 508 1685 575 ΑΠΛ,
1714 509 1969 561 λείπεται

263 593 326 650 τὸ
374 592 484 650 ὑπὸ
533 599 749 664 Mon,
796 593 1047 649 τουτέστι
1092 591 1155 648 τὸ
1205 590 1316 648 ὑπὸ
1363 598 1552 647 ΘΖΔ·
1639 598 1732 664 ἴση
1779 592 1886 666 γὰρ
1932 593 1967 665 ἡ

262 690 388 738 ΑΠ
427 686 493 756 τῇ
535 688 661 739 ΜΛ
707 682 798 738 καὶ
838 679 872 752 ἡ
915 687 1046 736 ΠΝ
1083 684 1149 754 τῇ
1190 686 1337 737 NM.
1414 685 1567 737 ἔστιν
1606 679 1741 753 ἄρα,
1789 678 1865 747 ὡς
1901 680 1964 738 τὸ

262 771 371 828 ἀπὸ
406 777 515 827 ΓΑ
552 770 694 843 πρὸς
732 772 796 828 τὸ
838 768 946 826 ἀπὸ
982 776 1103 842 ΓΒ,
1143 769 1342 826 λοιπὸν
1381 769 1444 825 τὸ
1482 768 1594 826 ὑπὸ
1625 774 1796 827 ΚΖΕ
1830 773 1967 844 πρὸς

261 859 324 916 τὸ
365 858 475 921 ὑπὸ
516 865 699 916 ΔΖΘ.
1965 934 1967 936 V

374 947 510 1005 ὅταν
560 949 622 1004 δὲ
659 952 721 1004 τὸ
764 954 809 1003 Ζ
849 946 1004 1013 ἐκτὸς
1042 941 1076 1020 ᾖ
1117 950 1214 1019 τῆς
1252 951 1450 1019 τομῆς,
1492 946 1591 1014 τᾶς
1629 948 1965 1019 προσθέσεις

261 1038 353 1093 καὶ
392 1036 713 1111 ἀφαιρέσεις
752 1034 1034 1093 ἀνάπαλιν
1074 1036 1364 1108 ποιητέον.·
1409 1056 1414 1061 ·
1487 1074 1490 1076 -

934 1203 1050 1265 Εἰς
1087 1198 1158 1255 τὸ
1202 1201 1303 1271 ιη’.

355 1302 461 1359 ’Ἑν
530 1321 678 1359 τισιν
748 1301 1118 1376 ἀντιγράφοις
1178 1301 1395 1376 ηὑρέθη
1460 1303 1619 1374 ἑτέρα
1681 1301 1965 1370 ἀπόδειξις

261 1392 465 1449 τούτου
503 1401 605 1448 τοῦ
644 1382 1033 1464 θεωρήματος·

343 1503 346 1506 ’
369 1479 501 1537 Ἐὰν
535 1478 794 1554 ἑκατέροις
823 1484 937 1537 τῶν
969 1483 1156 1552 τομῶν
1183 1479 1561 1552 ἐφαπτόμεναι
1587 1478 1807 1537 εὐθεῖαι
1833 1497 1969 1553 συμ-
2018 1483 2020 1486 ’

261 1574 518 1641 πίπτωσι,
557 1570 651 1625 καὶ
691 1570 871 1634 οὕτως
911 1573 1063 1625 ἔσται
1101 1567 1170 1624 τὰ
1210 1569 1506 1640 εἰρημένα.,
1573 1563 1576 1566 ’

376 1663 626 1715 ἔστωσαν
658 1659 768 1731 γὰρ
801 1646 1178 1729 ἄντιοιείμεναι
1211 1660 1274 1712 αἱ
1301 1665 1370 1728 Α,
1395 1663 1443 1712 Β
1466 1658 1559 1713 καὶ
1585 1657 1967 1730 ἐφαπτόμεναι
1994 1645 1999 1650 ’

265 1745 451 1804 αὐτῶν
477 1750 540 1802 αἱ
560 1752 685 1819 ΑΓ,
708 1753 809 1803 ΓΒ
827 1751 1249 1818 ’συμπίπτουσαι
1272 1747 1409 1802 κατὰ
1429 1743 1491 1802 τὸ
1512 1750 1574 1816 Γ,
1598 1747 1690 1802 καὶ
1709 1746 1966 1818 εἰλήφθω

266 1837 354 1892 ἐπὶ
392 1845 490 1908 τῆς
528 1843 576 1891 Β
618 1839 787 1908 τομῆς
825 1836 887 1891 τὸ
930 1842 1009 1906 Δ,
1056 1836 1150 1893 καὶ
1191 1834 1266 1890 δι’
1311 1833 1488 1891 αὐτοῦ
1526 1835 1676 1908 παρὰ
1715 1833 1819 1906 τὴν
1858 1839 1975 1891 ΑΓ

266 1925 426 1998 ’ἤχθω
466 1923 500 1996 ἡ
534 1931 718 1980 ΕΔΖ.
789 1925 952 1995 λέγω,
994 1922 1080 2003 ὅτι
1121 1922 1407 1994 ἐστίν,ὡς
1444 1922 1508 1980 τὸ
1548 1921 1657 1980 ἀπὸ
1684 1914 1805 1979 ἈΓ
1828 1924 1970 1996 πρὸς

265 2013 328 2070 τὸ
368 2012 479 2069 ἀπὸ
521 2019 640 2083 ΓΒ,
679 2014 741 2069 τὸ
783 2010 896 2068 ὑπὸ
937 2018 1108 2067 ΕΖΔ
1146 2010 1286 2084 πρὸς
1325 2010 1386 2067 τὸ
1428 2010 1537 2068 ἀπὸ
1582 2018 1699 2069 ΖΒ.

380 2103 541 2174 ἤχθω
589 2101 697 2173 γὰρ
747 2100 840 2156 διὰ
881 2104 983 2156 τοῦ
1021 2108 1076 2156 A
1117 2099 1411 2172 διάμετρος
1449 2098 1483 2171 ἡ
1524 2106 1725 2172 ΑΘΗ,
1769 2099 1866 2157 διὰ
1908 2100 1970 2157 δὲ

267 2194 381 2247 τῶν
422 2196 487 2261 Β,
521 2196 587 2244 Η
616 2191 766 2260 παρὰ
805 2189 910 2260 τὴν
951 2194 1056 2244 ΕΖ
1095 2191 1159 2243 αἰ
1191 2193 1328 2258 ΗΚ,
1361 2193 1484 2243 ΒΛ.
1557 2189 1674 2245 ἐπεὶ
1714 2182 1821 2246 οὖν
1859 2187 1967 2245 ἀπὸ

269 2284 371 2335 τοῦ
403 2286 449 2334 Β
483 2277 780 2349 ἐφάπτεται
812 2277 915 2349 μὲν
948 2280 1044 2348 τῆς
1075 2275 1390 2349 ὑπερβολῆς
1414 2274 1449 2347 ἡ
1474 2282 1596 2347 ΒΘ,
1626 2268 1971 2349 τεταγμένως

394 2447 431 2485 1.
466 2437 562 2485 ἀπὸ
594 2441 708 2498 ΕΟ]
743 2442 835 2485 ΕΘ
869 2440 980 2497 Wp,
1015 2452 1130 2487 corr.
1166 2438 1341 2493 Comm.
1481 2444 1522 2484 2.
1557 2439 1687 2498 ΛΠ]
1720 2443 1826 2484 ΔΗ
1853 2439 1967 2498 Wp,

272 2515 388 2555 corr.
424 2499 601 2545 Comm.
737 2499 979 2544 τουτέστιν
1010 2498 1085 2543 W.
1218 2498 1324 2556 ΖΟ]
1362 2499 1447 2542 ΖΘ
1480 2499 1601 2556 Wp,
1642 2513 1758 2544 corr.
1792 2499 1968 2544 Comm.

333 2565 372 2605 3.
407 2561 522 2616 ΚΟ]
554 2560 649 2602 ΚΘ
681 2558 797 2614 Wp,
831 2572 947 2603 corr.
966 2558 1141 2602 Comm.
1238 2557 1356 2615 OE]
1393 2558 1485 2601 ΘΕ
1508 2558 1623 2614 Wp,
1656 2571 1771 2603 corr.
1792 2557 1967 2611 Comm.

332 2625 374 2665 4.
407 2615 502 2663 ὑπὸ
535 2617 684 2676 ΑΟΛ]
717 2618 849 2661 ΑΘΛ
879 2617 1000 2673 Wp,
1036 2631 1152 2661 corr.
1186 2614 1362 2660 Comm.
1483 2613 1557 2675 τό]
1590 2614 1648 2660 τά
1683 2616 1807 2673 Wp,
1849 2631 1967 2662 corr.

274 2677 452 2724 Comm.
573 2673 688 2734 ὑπὸ]
722 2672 817 2720 ἀπό
842 2690 889 2731 p.
1013 2680 1053 2719 5.
1087 2678 1148 2719 M
1153 2675 1276 2733 011]
1312 2677 1472 2719 OMH
1500 2675 1614 2732 Wp,
1649 2689 1764 2720 corr.
1791 2676 1967 2721 Comm.

332 2736 572 2782 τουτέστιν
604 2736 677 2780 W.
784 2739 824 2779 7.
856 2731 909 2779 τό
929 2735 1057 2793 (pr.)]
1090 2749 1137 2791 p,
1169 2734 1255 2777 τῶι
1285 2733 1360 2778 W.
1460 2739 1501 2780 9.
1537 2730 1671 2784 έκτός
1701 2728 1763 2805 ᾗ1
1786 2734 1966 2793 scripsi,

275 2793 326 2841 ἐκ
359 2797 453 2840 τῶν
485 2796 560 2851 W,
594 2791 726 2844 ἐκτός
755 2809 800 2850 p.
948 2799 1016 2838 12.
1050 2791 1256 2851 ηὑρέθη]
1290 2811 1365 2837 -υ-
1395 2791 1445 2836 in
1476 2807 1565 2837 ras.
1598 2792 1673 2848 W,
1715 2792 1896 2850 εὑρέθη
1919 2809 1965 2850 p.

336 2860 405 2900 14.
440 2850 544 2910 ἐάν]
576 2867 667 2898 om.
702 2853 814 2909 Wp,
848 2866 963 2899 corr.
997 2853 1179 2909 Hakley.
1317 2857 1384 2897 19.
1420 2852 1585 2910 ΕΔΖ]
1613 2851 1790 2910 scripsi,
1824 2854 1966 2897 AEZ

273 2915 390 2970 Wp.
485 2917 584 2957 20.
617 2909 734 2970 ὑπό]
768 2908 863 2956 α’πό
898 2912 1016 2968 Wp,
1050 2925 1163 2956 corr.
1199 2911 1369 2967 Halley
1400 2925 1505 2956 cum
1538 2910 1729 2974 Comm.·
