2020 3236
455 159 704 201 EUTOCII
736 158 1172 201 COMMENTARIA
1200 160 1266 202 IN
1297 158 1533 201 CONICA.
1716 156 1823 209 359

661 292 873 345 Aliter
911 309 1081 360 prop.
1122 290 1314 344 XLIII.

256 379 376 434 Sint
401 382 682 450 oppositae
706 385 775 451 A,
806 383 866 449 Β,
898 384 951 433 et
972 380 1273 448 hyperbola
1297 381 1518 432 ΓΑΒΔ
1542 380 1824 447 utramque

59 504 63 510 ,
147 469 452 538 oppositam
493 473 636 523 secet
673 470 730 522 in
768 472 833 534 Γ,
875 474 948 537 A,
988 471 1056 536 Β,
1097 472 1164 536 Δ,
1204 467 1454 537 opposita
1493 469 1672 520 autem
1712 466 1822 520 eius

59 564 65 576 “·
145 557 216 609 sit
248 560 362 609 ΕΖ.
425 558 557 627 dico,
589 562 692 610 ΕΖ
724 577 844 610 cum
875 559 1068 609 neutra
1099 557 1464 626 oppositarum
1497 572 1825 609 concurrere.

255 645 520 697 ducantur
564 646 708 698 enim
749 648 881 714 ΔΒ,
927 646 1028 696 ΓΑ
1074 644 1537 713 producanturque
1584 646 1638 695 et
1682 643 1739 694 in
1778 646 1825 694 Θ

47 768 50 771 -
146 736 487 802 concurrant3
527 737 574 786 Θ
611 734 781 803 igitur
817 734 962 785 intra
1002 734 1340 800 asymptotas
1383 731 1636 784 sectionis
1669 733 1822 783 ΓΑΒ

4 839 6 884 j
59 839 61 841 ’
144 820 383 888 positum
425 821 527 872 erit
570 821 658 887 [IL
691 821 801 888 25].
879 823 987 874 sint
1018 822 1209 887 KHA,
1250 823 1323 871 M
1326 822 1453 871 HN
1485 821 1824 888 asymptotae

4 893 6 919 '
46 907 52 936 '²
1117 909 1369 960 sectionis
1388 910 1634 976 ΓΑΒΛ;
1658 907 1823 958 mani—

1115 995 1313 1048 festum
1389 996 1575 1064 igitur,
1650 997 1823 1047 rectas

996 1102 1068 1142 M
1116 1087 1252 1152 NH,
1269 1086 1386 1135 HA
1411 1084 1705 1136 sectionem
1721 1085 1825 1134 EZ

1117 1171 1565 1239 comprehendere
1599 1169 1690 1236 [II,
1719 1168 1825 1235 15].

1117 1262 1171 1311 et
1202 1262 1301 1311 ΓΑ
1342 1258 1632 1311 sectionem
1673 1257 1830 1317 ΓΑΞ

1114 1347 1171 1398 in
1204 1347 1410 1399 duobus
1438 1346 1656 1414 punctis
1681 1348 1741 1413 Γ,
1771 1350 1826 1397 Α

1116 1438 1287 1504 secat,
1348 1434 1609 1504 producta
1659 1434 1825 1501 igitur

1114 1523 1171 1575 in
1183 1526 1466 1592 utramque
1480 1525 1689 1592 partem
1703 1541 1823 1575 cum

1115 1611 1364 1679 opposita
1379 1614 1488 1662 AB
1503 1614 1549 1663 Ο
1571 1629 1680 1664 non
1704 1629 1824 1664 con-

1115 1702 1293 1750 curret
1317 1698 1408 1766 [II,
1433 1699 1543 1766 33]‚
1569 1698 1659 1750 sed
1683 1699 1824 1750 inter

1115 1787 1405 1839 sectionem
1445 1789 1552 1837 ΒΟ
1599 1788 1823 1838 rectam-

1114 1892 1214 1942 que
1268 1877 1319 1925 A
1336 1877 1395 1926 Η
1455 1873 1623 1927 cadet.
1713 1874 1820 1926 iam

144 1955 329 2008 eodem
375 1957 534 2010 modo
585 1958 744 2010 etiam
786 1963 953 2012 ΑΒΘ
998 1978 1106 2013 non
1161 1965 1439 2014 concurret
1490 1979 1607 2014 cum
1655 1960 1822 2029 ΓΑΞ,

36 2094 39 2096 ,
145 2043 235 2095 sed
273 2044 415 2096 inter
445 2044 556 2105 ΑΞ
591 2049 643 2097 et
681 2049 810 2097 HN
842 2048 1005 2100 cadet.
1071 2049 1320 2116 quoniam
1361 2050 1526 2118 igitur
1564 2053 1690 2117 ΘΠ,
1724 2053 1829 2101 ΘΡ

143 2148 264 2183 cum
319 2133 645 2185 sectionibus
691 2138 760 2201 A,
799 2137 843 2185 Β
897 2153 1008 2187 non
1064 2139 1439 2189 concurrentes
1487 2140 1820 2205 asymptotas

143 2220 285 2283 NH,
321 2222 438 2272 HA
485 2221 940 2289 comprehendunt
989 2225 1042 2273 et
1088 2223 1258 2274 multo
1306 2223 1482 2291 magis
1531 2225 1820 2276 sectionem

142 2309 267 2375 ΕΖ,
298 2309 402 2358 ΕΖ
441 2325 560 2360 cum
601 2311 790 2360 neutra
828 2309 1198 2377 oppositarum
1238 2313 1531 2362 concurret.

705 2424 917 2477 Aliter
954 2443 1125 2493 prop.
1164 2424 1253 2477 LI.

251 2511 407 2579 Dico,
463 2513 752 2564 sectionem
798 2515 850 2564 E
894 2530 1011 2564 cum
1061 2515 1253 2565 neutra
1301 2513 1596 2565 sectionum
1645 2519 1718 2582 A,
1770 2518 1817 2566 B

145 2615 470 2653 concurrere.

260 2699 314 2743 In
345 2701 419 2756 fig.
453 2701 508 2755 Ξ,
537 2701 577 2743 Ο
608 2713 697 2743 om.
729 2699 803 2742 W.

63 2854 68 2856 ,
140 2802 273 2874 ΛΗ]Ι
303 2805 397 2845 ΑΗ
422 2818 466 2858 p.
619 2805 688 2873 ls.
726 2800 842 2858 ΑΞ]
874 2803 968 2849 ΛΞ
996 2817 1039 2858 p.
1160 2777 1266 2871 ‘¹92
1306 2802 1427 2858 ΘΠ]
1465 2803 1547 2872 &13
1579 2817 1623 2858 p.
1745 2808 1816 2849 20.

138 2861 811 2964 Κὶἷιθεχίἕισιέτὲἐσὲερῑιῆῗωσιν
844 2860 915 2904 W.
1015 2864 1084 2903 21.
1118 2859 1289 2920 πολλῳ]
1322 2874 1367 2915 p,
1400 2863 1539 2903 πολλο
1573 2861 1646 2905 W.
1746 2866 1816 2908 23.
