<?xml version="1.0" encoding="UTF-8"?>
<!DOCTYPE html PUBLIC "-//W3C//DTD XHTML 1.0 Transitional//EN"
    "http://www.w3.org/TR/xhtml1/DTD/xhtml1-transitional.dtd">
<html xmlns="http://www.w3.org/1999/xhtml" xml:lang="en" lang="en">
 <head>
  <title>
</title>
<meta http-equiv="Content-Type" content="text/html;charset=utf-8" />
  <meta name='ocr-system' content='tesseract 3.04.00' />
  <meta name='ocr-capabilities' content='ocr_page ocr_carea ocr_par ocr_line ocrx_word'/>
</head>
<body>
  <div class='ocr_page' id='page_1' title='image "apolloniipergaei02apoluoft_0040.png"; bbox 0 0 2046 3224; ppageno 0'>
   <div class='ocr_carea' id='block_1_1' title="bbox 245 114 1335 167">
    <p class='ocr_par' dir='ltr' id='par_1_1' title="bbox 245 114 1335 167">
     <span class='ocr_line' id='line_1_1' title="bbox 245 114 1335 167; baseline 0.006 -7"><span class='ocrx_word' id='word_1_1' title='bbox 245 114 444 162; x_wconf 88' lang='lat' dir='ltr'>XXXIV</span> <span class='ocrx_word' id='word_1_2' title='bbox 871 121 1335 167; x_wconf 85' lang='lat' dir='ltr'><strong>PROLEGOMENA.</strong></span> 
     </span>
    </p>
   </div>
   <div class='ocr_carea' id='block_1_2' title="bbox 244 236 1962 1968">
    <p class='ocr_par' dir='ltr' id='par_1_2' title="bbox 247 236 1952 361">
     <span class='ocr_line' id='line_1_2' title="bbox 310 236 1952 300; baseline 0.004 -21"><span class='ocrx_word' id='word_1_3' title='bbox 310 240 364 280; x_wconf 80' lang='lat'>17</span> <span class='ocrx_word' id='word_1_4' title='bbox 407 236 528 295; x_wconf 83' lang='grc' dir='ltr'>ΗΖ]</span> <span class='ocrx_word' id='word_1_5' title='bbox 575 238 670 280; x_wconf 85' lang='grc' dir='ltr'>ΖΗ</span> <span class='ocrx_word' id='word_1_6' title='bbox 788 241 844 281; x_wconf 80' lang='grc'>18</span> <span class='ocrx_word' id='word_1_7' title='bbox 885 238 1002 297; x_wconf 93' lang='grc' dir='ltr'>ΕΖ]</span> <span class='ocrx_word' id='word_1_8' title='bbox 1046 241 1131 283; x_wconf 88' lang='grc' dir='ltr'>ΖΕ</span> <span class='ocrx_word' id='word_1_9' title='bbox 1253 245 1310 285; x_wconf 90' lang='grc' dir='ltr'>2ο</span> <span class='ocrx_word' id='word_1_10' title='bbox 1352 237 1425 299; x_wconf 72' lang='grc' dir='ltr'>ἐν]</span> <span class='ocrx_word' id='word_1_11' title='bbox 1470 253 1559 285; x_wconf 87' lang='lat' dir='ltr'>om.</span> <span class='ocrx_word' id='word_1_12' title='bbox 1682 244 1738 285; x_wconf 90' lang='grc'>22</span> <span class='ocrx_word' id='word_1_13' title='bbox 1779 237 1952 300; x_wconf 69' lang='grc' dir='ltr'>μόνον]</span> 
     </span>
     <span class='ocr_line' id='line_1_3' title="bbox 247 303 850 361; baseline 0 -14"><span class='ocrx_word' id='word_1_14' title='bbox 247 316 338 349; x_wconf 88' lang='lat' dir='ltr'>om.</span> <span class='ocrx_word' id='word_1_15' title='bbox 434 308 490 348; x_wconf 81' lang='grc'>23</span> <span class='ocrx_word' id='word_1_16' title='bbox 522 303 687 361; x_wconf 85' lang='grc' dir='ltr'><strong><em>ΑΒΓ]</em></strong></span> <span class='ocrx_word' id='word_1_17' title='bbox 721 307 850 347; x_wconf 87' lang='grc' dir='ltr'>ΒΑΓ</span> 
     </span>
    </p>

    <p class='ocr_par' dir='ltr' id='par_1_3' title="bbox 244 370 1950 699">
     <span class='ocr_line' id='line_1_4' title="bbox 366 370 1950 433; baseline 0.003 -18"><span class='ocrx_word' id='word_1_18' title='bbox 366 384 411 426; x_wconf 91' lang='grc' dir='ltr'>Ρ.</span> <span class='ocrx_word' id='word_1_19' title='bbox 446 373 579 426; x_wconf 85' lang='grc'><strong>82,’5</strong></span> <span class='ocrx_word' id='word_1_20' title='bbox 624 370 740 429; x_wconf 83' lang='grc' dir='ltr'>ΘΓ]</span> <span class='ocrx_word' id='word_1_21' title='bbox 776 371 868 415; x_wconf 86' lang='grc' dir='ltr'>ΓΘ</span> <span class='ocrx_word' id='word_1_22' title='bbox 975 375 1031 415; x_wconf 90' lang='grc'>10</span> <span class='ocrx_word' id='word_1_23' title='bbox 1062 371 1185 417; x_wconf 76' lang='grc' dir='ltr'>κατά</span> <span class='ocrx_word' id='word_1_24' title='bbox 1219 399 1275 406; x_wconf 89' lang='lat'><em>-</em></span> <span class='ocrx_word' id='word_1_25' title='bbox 1310 376 1364 417; x_wconf 97' lang='grc'>12</span> <span class='ocrx_word' id='word_1_26' title='bbox 1398 374 1508 433; x_wconf 90' lang='grc' dir='ltr'>καί]</span> <span class='ocrx_word' id='word_1_27' title='bbox 1539 388 1634 432; x_wconf 88' lang='lat' dir='ltr'>mg.</span> <span class='ocrx_word' id='word_1_28' title='bbox 1743 379 1798 419; x_wconf 84' lang='lat'>13</span> <span class='ocrx_word' id='word_1_29' title='bbox 1829 373 1891 432; x_wconf 88' lang='grc' dir='ltr'>Λ]</span> <span class='ocrx_word' id='word_1_30' title='bbox 1924 388 1950 420; x_wconf 81' lang='lat' dir='ltr'>e</span> 
     </span>
     <span class='ocr_line' id='line_1_5' title="bbox 245 434 1947 500; baseline 0.004 -20"><span class='ocrx_word' id='word_1_31' title='bbox 245 450 363 481; x_wconf 85' lang='lat' dir='ltr'>corr.</span> <span class='ocrx_word' id='word_1_32' title='bbox 472 441 530 481; x_wconf 91' lang='grc'>20</span> <span class='ocrx_word' id='word_1_33' title='bbox 561 437 654 481; x_wconf 81' lang='grc' dir='ltr'>τῶν</span> <span class='ocrx_word' id='word_1_34' title='bbox 688 463 743 469; x_wconf 92' lang='grc'>-</span> <span class='ocrx_word' id='word_1_35' title='bbox 778 442 833 482; x_wconf 91' lang='grc'>21</span> <span class='ocrx_word' id='word_1_36' title='bbox 866 437 1374 498; x_wconf 79' lang='grc' dir='ltr'>κατασκευασθέντων]</span> <span class='ocrx_word' id='word_1_37' title='bbox 1413 442 1501 485; x_wconf 85' lang='grc' dir='ltr'>καί</span> <span class='ocrx_word' id='word_1_38' title='bbox 1601 446 1657 486; x_wconf 87' lang='grc'>23</span> <span class='ocrx_word' id='word_1_39' title='bbox 1702 439 1806 486; x_wconf 76' lang='grc' dir='ltr'>ἐπεὶ</span> <span class='ocrx_word' id='word_1_40' title='bbox 1838 434 1947 500; x_wconf 83' lang='grc' dir='ltr'>οὖν]</span> 
     </span>
     <span class='ocr_line' id='line_1_6' title="bbox 245 501 1948 566; baseline 0.004 -20"><span class='ocrx_word' id='word_1_41' title='bbox 245 502 327 547; x_wconf 88' lang='grc' dir='ltr'>καὶ</span> <span class='ocrx_word' id='word_1_42' title='bbox 358 503 660 561; x_wconf 81' lang='grc' dir='ltr'><strong><em>συμπιπτέτω</em></strong></span> <span class='ocrx_word' id='word_1_43' title='bbox 694 505 750 562; x_wconf 85' lang='grc' dir='ltr'>τῇ</span> <span class='ocrx_word' id='word_1_44' title='bbox 787 508 867 549; x_wconf 88' lang='grc' dir='ltr'>ΒΔ</span> <span class='ocrx_word' id='word_1_45' title='bbox 899 501 1184 566; x_wconf 80' lang='grc' dir='ltr'>έκβληθείσῃ</span> <span class='ocrx_word' id='word_1_46' title='bbox 1217 503 1339 552; x_wconf 77' lang='grc' dir='ltr'>κατα</span> <span class='ocrx_word' id='word_1_47' title='bbox 1372 504 1425 552; x_wconf 89' lang='grc' dir='ltr'>τὸ</span> <span class='ocrx_word' id='word_1_48' title='bbox 1457 511 1515 552; x_wconf 93' lang='grc' dir='ltr'><strong>Μ</strong></span> <span class='ocrx_word' id='word_1_49' title='bbox 1541 507 1622 553; x_wconf 80' lang='grc' dir='ltr'>καὶ</span> <span class='ocrx_word' id='word_1_50' title='bbox 1653 508 1746 553; x_wconf 79' lang='grc' dir='ltr'>τῶν</span> <span class='ocrx_word' id='word_1_51' title='bbox 1770 508 1948 552; x_wconf 80' lang='grc' dir='ltr'><strong><em>λοιπῶν</em></strong></span> 
     </span>
     <span class='ocr_line' id='line_1_7' title="bbox 246 565 1949 630; baseline 0.003 -17"><span class='ocrx_word' id='word_1_52' title='bbox 246 565 419 627; x_wconf 83' lang='grc' dir='ltr'>ὁμοίως</span> <span class='ocrx_word' id='word_1_53' title='bbox 465 570 521 629; x_wconf 81' lang='grc' dir='ltr'>τῇ</span> <span class='ocrx_word' id='word_1_54' title='bbox 562 566 758 616; x_wconf 72' lang='grc' dir='ltr'>ἄνωθεν</span> <span class='ocrx_word' id='word_1_55' title='bbox 805 573 1090 630; x_wconf 80' lang='grc' dir='ltr'>καταγραφῇ</span> <span class='ocrx_word' id='word_1_56' title='bbox 1133 573 1624 619; x_wconf 79' lang='grc' dir='ltr'>κατασκευασθέντων</span> <span class='ocrx_word' id='word_1_57' title='bbox 1666 571 1776 620; x_wconf 79' lang='grc' dir='ltr'>ἐπεί</span> <span class='ocrx_word' id='word_1_58' title='bbox 1891 578 1949 619; x_wconf 85' lang='grc'>25</span> 
     </span>
     <span class='ocr_line' id='line_1_8' title="bbox 244 636 1614 699; baseline 0.004 -19"><span class='ocrx_word' id='word_1_59' title='bbox 244 638 408 695; x_wconf 94' lang='grc' dir='ltr'>ΜΓΑ]</span> <span class='ocrx_word' id='word_1_60' title='bbox 443 636 511 681; x_wconf 82' lang='lat' dir='ltr'>Sic</span> <span class='ocrx_word' id='word_1_61' title='bbox 602 642 659 682; x_wconf 84' lang='lat'>27</span> <span class='ocrx_word' id='word_1_62' title='bbox 693 637 820 697; x_wconf 90' lang='grc' dir='ltr'>ΗΕ]</span> <span class='ocrx_word' id='word_1_63' title='bbox 851 639 934 683; x_wconf 81' lang='grc' dir='ltr'>τοῦ</span> <span class='ocrx_word' id='word_1_64' title='bbox 969 641 1066 683; x_wconf 91' lang='grc' dir='ltr'>ΗΕ</span> <span class='ocrx_word' id='word_1_65' title='bbox 1157 645 1214 684; x_wconf 90' lang='grc'>28</span> <span class='ocrx_word' id='word_1_66' title='bbox 1247 641 1368 699; x_wconf 89' lang='grc' dir='ltr'>ΕΗ]</span> <span class='ocrx_word' id='word_1_67' title='bbox 1402 640 1485 697; x_wconf 83' lang='grc' dir='ltr'>τῆς</span> <span class='ocrx_word' id='word_1_68' title='bbox 1517 644 1614 686; x_wconf 89' lang='grc' dir='ltr'>ΗΕ</span> 
     </span>
    </p>

    <p class='ocr_par' dir='ltr' id='par_1_4' title="bbox 245 703 1962 898">
     <span class='ocr_line' id='line_1_9' title="bbox 366 703 1962 767; baseline 0.003 -19"><span class='ocrx_word' id='word_1_69' title='bbox 366 719 412 761; x_wconf 90' lang='lat' dir='ltr'>p.</span> <span class='ocrx_word' id='word_1_70' title='bbox 448 708 519 762; x_wconf 87' lang='lat'>84,</span> <span class='ocrx_word' id='word_1_71' title='bbox 553 709 608 749; x_wconf 87' lang='lat'>19</span> <span class='ocrx_word' id='word_1_72' title='bbox 650 703 903 764; x_wconf 81' lang='grc' dir='ltr'>δύνανται]</span> <span class='ocrx_word' id='word_1_73' title='bbox 937 703 1171 751; x_wconf 82' lang='grc' dir='ltr'>δύνανται</span> <span class='ocrx_word' id='word_1_74' title='bbox 1203 705 1258 750; x_wconf 78' lang='grc' dir='ltr'>αἵ</span> <span class='ocrx_word' id='word_1_75' title='bbox 1284 705 1608 766; x_wconf 73' lang='grc' dir='ltr'>καταγόμεναι</span> <span class='ocrx_word' id='word_1_76' title='bbox 1651 757 1653 759; x_wconf 56' lang='grc'>,</span> <span class='ocrx_word' id='word_1_77' title='bbox 1722 713 1778 754; x_wconf 93' lang='grc'>22</span> <span class='ocrx_word' id='word_1_78' title='bbox 1813 706 1962 767; x_wconf 75' lang='grc' dir='ltr'>ἐπεί]</span> 
     </span>
     <span class='ocr_line' id='line_1_10' title="bbox 245 766 1948 835; baseline 0.004 -21"><span class='ocrx_word' id='word_1_79' title='bbox 245 769 328 815; x_wconf 84' lang='grc' dir='ltr'>καὶ</span> <span class='ocrx_word' id='word_1_80' title='bbox 361 766 469 815; x_wconf 79' lang='grc' dir='ltr'>ἐπεί</span> <span class='ocrx_word' id='word_1_81' title='bbox 587 775 643 815; x_wconf 87' lang='grc'>23</span> <span class='ocrx_word' id='word_1_82' title='bbox 680 772 834 831; x_wconf 93' lang='grc' dir='ltr'><strong>ΖΑΒ]</strong></span> <span class='ocrx_word' id='word_1_83' title='bbox 868 772 961 816; x_wconf 80' lang='grc' dir='ltr'>τῶν</span> <span class='ocrx_word' id='word_1_84' title='bbox 993 777 1083 830; x_wconf 89' lang='grc' dir='ltr'>ΒΑ,</span> <span class='ocrx_word' id='word_1_85' title='bbox 1106 776 1192 817; x_wconf 92' lang='grc' dir='ltr'>ΑΖ</span> <span class='ocrx_word' id='word_1_86' title='bbox 1301 771 1445 832; x_wconf 77' lang='grc' dir='ltr'>ἔστιν]</span> <span class='ocrx_word' id='word_1_87' title='bbox 1481 773 1605 820; x_wconf 80' lang='grc' dir='ltr'>ἔστιν</span> <span class='ocrx_word' id='word_1_88' title='bbox 1639 771 1733 835; x_wconf 76' lang='grc' dir='ltr'>ἄρα</span> <span class='ocrx_word' id='word_1_89' title='bbox 1835 774 1948 833; x_wconf 89' lang='grc' dir='ltr'>ΑΒ]</span> 
     </span>
     <span class='ocr_line' id='line_1_11' title="bbox 245 835 1258 898; baseline 0.003 -16"><span class='ocrx_word' id='word_1_90' title='bbox 245 842 328 882; x_wconf 94' lang='grc' dir='ltr'>ΒΑ</span> <span class='ocrx_word' id='word_1_91' title='bbox 421 843 477 882; x_wconf 89' lang='grc'>26</span> <span class='ocrx_word' id='word_1_92' title='bbox 514 838 613 897; x_wconf 88' lang='grc' dir='ltr'>ΖΔ]</span> <span class='ocrx_word' id='word_1_93' title='bbox 650 841 738 882; x_wconf 88' lang='grc' dir='ltr'>ΔΖ</span> <span class='ocrx_word' id='word_1_94' title='bbox 830 844 884 883; x_wconf 82' lang='grc'>27</span> <span class='ocrx_word' id='word_1_95' title='bbox 920 835 1110 898; x_wconf 74' lang='grc' dir='ltr'>ἐπειδή]</span> <span class='ocrx_word' id='word_1_96' title='bbox 1147 837 1258 885; x_wconf 80' lang='grc' dir='ltr'>ἐπεί</span> 
     </span>
    </p>

    <p class='ocr_par' dir='ltr' id='par_1_5' title="bbox 246 903 1950 1098">
     <span class='ocr_line' id='line_1_12' title="bbox 365 903 1950 968; baseline 0.001 -17"><span class='ocrx_word' id='word_1_97' title='bbox 365 920 410 961; x_wconf 86' lang='grc' dir='ltr'>Ρ.</span> <span class='ocrx_word' id='word_1_98' title='bbox 445 910 517 962; x_wconf 89' lang='grc'>86,</span> <span class='ocrx_word' id='word_1_99' title='bbox 551 910 576 950; x_wconf 85' lang='grc'>5</span> <span class='ocrx_word' id='word_1_100' title='bbox 610 906 774 964; x_wconf 90' lang='grc' dir='ltr'><strong><em>ΒΑΜ]</em></strong></span> <span class='ocrx_word' id='word_1_101' title='bbox 808 907 899 950; x_wconf 84' lang='grc' dir='ltr'>τῶν</span> <span class='ocrx_word' id='word_1_102' title='bbox 932 910 1030 962; x_wconf 92' lang='grc' dir='ltr'>ΑΒ,</span> <span class='ocrx_word' id='word_1_103' title='bbox 1058 910 1164 952; x_wconf 93' lang='grc' dir='ltr'>ΒΜ</span> <span class='ocrx_word' id='word_1_104' title='bbox 1250 905 1332 967; x_wconf 80' lang='grc' dir='ltr'>ὡς]</span> <span class='ocrx_word' id='word_1_105' title='bbox 1367 908 1449 952; x_wconf 87' lang='grc' dir='ltr'>καὶ</span> <span class='ocrx_word' id='word_1_106' title='bbox 1474 903 1536 960; x_wconf 82' lang='grc' dir='ltr'>ὦς</span> <span class='ocrx_word' id='word_1_107' title='bbox 1626 914 1652 954; x_wconf 89' lang='grc'>9</span> <span class='ocrx_word' id='word_1_108' title='bbox 1687 909 1811 968; x_wconf 84' lang='grc' dir='ltr'>ἴσον]</span> <span class='ocrx_word' id='word_1_109' title='bbox 1843 910 1950 954; x_wconf 80' lang='grc' dir='ltr'>ἴσον</span> 
     </span>
     <span class='ocr_line' id='line_1_13' title="bbox 248 968 1948 1034; baseline 0.002 -17"><span class='ocrx_word' id='word_1_110' title='bbox 248 968 350 1017; x_wconf 75' lang='grc' dir='ltr'>ἐστί</span> <span class='ocrx_word' id='word_1_111' title='bbox 437 976 494 1018; x_wconf 94' lang='lat'>10</span> <span class='ocrx_word' id='word_1_112' title='bbox 526 972 653 1031; x_wconf 82' lang='lat' dir='ltr'>AM]</span> <span class='ocrx_word' id='word_1_113' title='bbox 686 977 768 1016; x_wconf 89' lang='lat' dir='ltr'>AB</span> <span class='ocrx_word' id='word_1_114' title='bbox 865 977 918 1016; x_wconf 84' lang='lat'>12</span> <span class='ocrx_word' id='word_1_115' title='bbox 955 974 1058 1032; x_wconf 78' lang='grc' dir='ltr'>ΓΛ]</span> <span class='ocrx_word' id='word_1_116' title='bbox 1094 978 1192 1018; x_wconf 83' lang='grc' dir='ltr'>ΛΓ</span> <span class='ocrx_word' id='word_1_117' title='bbox 1282 979 1335 1019; x_wconf 84' lang='grc'>18</span> <span class='ocrx_word' id='word_1_118' title='bbox 1371 972 1622 1034; x_wconf 74' lang='grc' dir='ltr'>διάμετρος</span> <span class='ocrx_word' id='word_1_119' title='bbox 1652 974 1682 1033; x_wconf 80' lang='grc' dir='ltr'>ἡ</span> <span class='ocrx_word' id='word_1_120' title='bbox 1715 980 1798 1021; x_wconf 86' lang='grc' dir='ltr'>ΑΒ</span> <span class='ocrx_word' id='word_1_121' title='bbox 1890 980 1948 1021; x_wconf 78' lang='grc'>23</span> 
     </span>
     <span class='ocr_line' id='line_1_14' title="bbox 246 1039 907 1098; baseline 0 -15"><span class='ocrx_word' id='word_1_122' title='bbox 246 1039 499 1097; x_wconf 83' lang='grc' dir='ltr'>συμπίπτει</span> <span class='ocrx_word' id='word_1_123' title='bbox 591 1043 649 1084; x_wconf 86' lang='grc'>24</span> <span class='ocrx_word' id='word_1_124' title='bbox 680 1040 782 1098; x_wconf 92' lang='grc' dir='ltr'>ΑΒ]</span> <span class='ocrx_word' id='word_1_125' title='bbox 819 1044 907 1084; x_wconf 86' lang='grc' dir='ltr'>ΑΔ</span> 
     </span>
    </p>

    <p class='ocr_par' dir='ltr' id='par_1_6' title="bbox 244 1105 1952 1503">
     <span class='ocr_line' id='line_1_15' title="bbox 374 1105 1949 1167; baseline 0.002 -15"><span class='ocrx_word' id='word_1_126' title='bbox 374 1122 420 1163; x_wconf 89' lang='grc' dir='ltr'>Ρ.</span> <span class='ocrx_word' id='word_1_127' title='bbox 454 1110 524 1163; x_wconf 88' lang='grc'>88,</span> <span class='ocrx_word' id='word_1_128' title='bbox 558 1110 584 1149; x_wconf 90' lang='grc'><strong>3</strong></span> <span class='ocrx_word' id='word_1_129' title='bbox 626 1106 760 1164; x_wconf 94' lang='grc' dir='ltr'>ΗΝ]</span> <span class='ocrx_word' id='word_1_130' title='bbox 802 1109 904 1151; x_wconf 92' lang='grc' dir='ltr'>ΕΗ</span> <span class='ocrx_word' id='word_1_131' title='bbox 940 1113 1246 1165; x_wconf 78' lang='grc' dir='ltr'>συμπεσεῖται</span> <span class='ocrx_word' id='word_1_132' title='bbox 1278 1105 1372 1166; x_wconf 74' lang='grc' dir='ltr'>ἄρα</span> <span class='ocrx_word' id='word_1_133' title='bbox 1403 1110 1458 1167; x_wconf 85' lang='grc' dir='ltr'>τῇ</span> <span class='ocrx_word' id='word_1_134' title='bbox 1491 1112 1606 1154; x_wconf 92' lang='grc' dir='ltr'>ΜΝ</span> <span class='ocrx_word' id='word_1_135' title='bbox 1641 1106 1762 1155; x_wconf 79' lang='grc' dir='ltr'>κατὰ</span> <span class='ocrx_word' id='word_1_136' title='bbox 1794 1105 1848 1154; x_wconf 88' lang='grc' dir='ltr'>τὸ</span> <span class='ocrx_word' id='word_1_137' title='bbox 1879 1111 1949 1154; x_wconf 91' lang='grc' dir='ltr'>Ν·</span> 
     </span>
     <span class='ocr_line' id='line_1_16' title="bbox 245 1168 1950 1236; baseline 0.003 -20"><span class='ocrx_word' id='word_1_138' title='bbox 245 1168 532 1230; x_wconf 78' lang='grc' dir='ltr'>παράλληλοι</span> <span class='ocrx_word' id='word_1_139' title='bbox 564 1170 655 1231; x_wconf 75' lang='grc' dir='ltr'>γάρ</span> <span class='ocrx_word' id='word_1_140' title='bbox 690 1172 810 1218; x_wconf 83' lang='grc' dir='ltr'>εἰσιν</span> <span class='ocrx_word' id='word_1_141' title='bbox 834 1169 864 1230; x_wconf 87' lang='grc' dir='ltr'>ἡ</span> <span class='ocrx_word' id='word_1_142' title='bbox 895 1171 981 1231; x_wconf 74' lang='grc' dir='ltr'>μὲν</span> <span class='ocrx_word' id='word_1_143' title='bbox 1006 1179 1097 1219; x_wconf 87' lang='grc' dir='ltr'>ΚΛ</span> <span class='ocrx_word' id='word_1_144' title='bbox 1128 1176 1182 1234; x_wconf 86' lang='grc' dir='ltr'>τῇ</span> <span class='ocrx_word' id='word_1_145' title='bbox 1209 1178 1334 1232; x_wconf 91' lang='grc' dir='ltr'>ΜΝ,</span> <span class='ocrx_word' id='word_1_146' title='bbox 1365 1174 1395 1233; x_wconf 84' lang='grc' dir='ltr'><em>ἡ</em></span> <span class='ocrx_word' id='word_1_147' title='bbox 1430 1174 1483 1221; x_wconf 73' lang='grc' dir='ltr'>δὲ</span> <span class='ocrx_word' id='word_1_148' title='bbox 1509 1178 1604 1221; x_wconf 82' lang='grc' dir='ltr'>ΚΘ</span> <span class='ocrx_word' id='word_1_149' title='bbox 1634 1177 1689 1236; x_wconf 84' lang='grc' dir='ltr'>τῇ</span> <span class='ocrx_word' id='word_1_150' title='bbox 1717 1179 1837 1232; x_wconf 84' lang='grc' dir='ltr'>ΕΝ;</span> <span class='ocrx_word' id='word_1_151' title='bbox 1871 1175 1950 1221; x_wconf 84' lang='lat' dir='ltr'>de-</span> 
     </span>
     <span class='ocr_line' id='line_1_17' title="bbox 245 1236 1949 1302; baseline 0.002 -18"><span class='ocrx_word' id='word_1_152' title='bbox 245 1241 355 1284; x_wconf 84' lang='lat' dir='ltr'>inde</span> <span class='ocrx_word' id='word_1_153' title='bbox 402 1240 492 1285; x_wconf 87' lang='lat' dir='ltr'><strong>del.</strong></span> <span class='ocrx_word' id='word_1_154' title='bbox 534 1241 615 1284; x_wconf 85' lang='grc' dir='ltr'>καὶ</span> <span class='ocrx_word' id='word_1_155' title='bbox 648 1236 753 1286; x_wconf 77' lang='grc' dir='ltr'>ἐπεὶ</span> <span class='ocrx_word' id='word_1_156' title='bbox 784 1238 1079 1298; x_wconf 78' lang='grc' dir='ltr'>παράλληλοί</span> <span class='ocrx_word' id='word_1_157' title='bbox 1105 1240 1225 1286; x_wconf 84' lang='grc' dir='ltr'>εἰσιν</span> <span class='ocrx_word' id='word_1_158' title='bbox 1255 1239 1285 1299; x_wconf 82' lang='grc' dir='ltr'>ἡ</span> <span class='ocrx_word' id='word_1_159' title='bbox 1320 1241 1407 1300; x_wconf 75' lang='grc' dir='ltr'>μὲν</span> <span class='ocrx_word' id='word_1_160' title='bbox 1439 1246 1531 1287; x_wconf 87' lang='grc' dir='ltr'>ΚΛ</span> <span class='ocrx_word' id='word_1_161' title='bbox 1570 1244 1627 1302; x_wconf 85' lang='grc' dir='ltr'>τῇ</span> <span class='ocrx_word' id='word_1_162' title='bbox 1660 1245 1792 1300; x_wconf 90' lang='grc' dir='ltr'>ΜΝ,</span> <span class='ocrx_word' id='word_1_163' title='bbox 1831 1239 1862 1299; x_wconf 80' lang='grc' dir='ltr'><em>ἡ</em></span> <span class='ocrx_word' id='word_1_164' title='bbox 1896 1240 1949 1288; x_wconf 75' lang='grc' dir='ltr'>δὲ</span> 
     </span>
     <span class='ocr_line' id='line_1_18' title="bbox 244 1304 1950 1368; baseline 0.002 -17"><span class='ocrx_word' id='word_1_165' title='bbox 244 1309 340 1352; x_wconf 77' lang='grc' dir='ltr'>ΚΘ</span> <span class='ocrx_word' id='word_1_166' title='bbox 371 1308 425 1366; x_wconf 70' lang='grc' dir='ltr'>τῇ</span> <span class='ocrx_word' id='word_1_167' title='bbox 461 1310 564 1351; x_wconf 90' lang='grc' dir='ltr'>ΕΝ</span> <span class='ocrx_word' id='word_1_168' title='bbox 650 1310 679 1350; x_wconf 83' lang='grc'>4</span> <span class='ocrx_word' id='word_1_169' title='bbox 711 1305 1006 1364; x_wconf 66' lang='grc' dir='ltr'>παράλληλοί</span> <span class='ocrx_word' id='word_1_170' title='bbox 1032 1307 1150 1353; x_wconf 72' lang='grc' dir='ltr'>εἰσιν</span> <span class='ocrx_word' id='word_1_171' title='bbox 1249 1309 1361 1368; x_wconf 80' lang='grc' dir='ltr'>ΚΛ]</span> <span class='ocrx_word' id='word_1_172' title='bbox 1395 1308 1482 1368; x_wconf 71' lang='grc' dir='ltr'>μὲν</span> <span class='ocrx_word' id='word_1_173' title='bbox 1505 1313 1598 1355; x_wconf 78' lang='grc' dir='ltr'>ΚΛ</span> <span class='ocrx_word' id='word_1_174' title='bbox 1699 1314 1724 1355; x_wconf 85' lang='lat'>5</span> <span class='ocrx_word' id='word_1_175' title='bbox 1757 1304 1950 1368; x_wconf 70' lang='grc' dir='ltr'>ὅμοιον]</span> 
     </span>
     <span class='ocr_line' id='line_1_19' title="bbox 244 1369 1948 1438; baseline 0.001 -18"><span class='ocrx_word' id='word_1_176' title='bbox 244 1369 414 1432; x_wconf 79' lang='grc' dir='ltr'>ὅμοιον</span> <span class='ocrx_word' id='word_1_177' title='bbox 439 1370 534 1430; x_wconf 76' lang='grc' dir='ltr'>ἄρα</span> <span class='ocrx_word' id='word_1_178' title='bbox 634 1374 790 1433; x_wconf 83' lang='grc' dir='ltr'>ΚΘΛ]</span> <span class='ocrx_word' id='word_1_179' title='bbox 827 1376 923 1420; x_wconf 84' lang='grc' dir='ltr'>ΚΘ</span> <span class='ocrx_word' id='word_1_180' title='bbox 1025 1379 1049 1419; x_wconf 83' lang='grc'>7</span> <span class='ocrx_word' id='word_1_181' title='bbox 1084 1371 1230 1434; x_wconf 78' lang='grc' dir='ltr'>ἐστίν]</span> <span class='ocrx_word' id='word_1_182' title='bbox 1266 1372 1363 1421; x_wconf 78' lang='grc' dir='ltr'>ἐστὶ</span> <span class='ocrx_word' id='word_1_183' title='bbox 1394 1378 1478 1422; x_wconf 86' lang='grc' dir='ltr'>καί</span> <span class='ocrx_word' id='word_1_184' title='bbox 1574 1383 1601 1423; x_wconf 90' lang='grc'>8</span> <span class='ocrx_word' id='word_1_185' title='bbox 1634 1380 1698 1438; x_wconf 76' lang='grc' dir='ltr'>τῷ</span> <span class='ocrx_word' id='word_1_186' title='bbox 1731 1401 1788 1410; x_wconf 93' lang='lat'><em>-</em></span> <span class='ocrx_word' id='word_1_187' title='bbox 1822 1373 1948 1435; x_wconf 76' lang='grc' dir='ltr'>ἐστί]</span> 
     </span>
     <span class='ocr_line' id='line_1_20' title="bbox 247 1436 1952 1503; baseline 0.003 -19"><span class='ocrx_word' id='word_1_188' title='bbox 247 1442 348 1486; x_wconf 76' lang='grc' dir='ltr'>ἴσον</span> <span class='ocrx_word' id='word_1_189' title='bbox 382 1437 480 1486; x_wconf 72' lang='grc' dir='ltr'>ἐστὶ</span> <span class='ocrx_word' id='word_1_190' title='bbox 511 1441 581 1500; x_wconf 74' lang='grc' dir='ltr'>ζτῷ</span> <span class='ocrx_word' id='word_1_191' title='bbox 614 1436 710 1486; x_wconf 72' lang='grc' dir='ltr'>ἀπὸ</span> <span class='ocrx_word' id='word_1_192' title='bbox 743 1442 826 1497; x_wconf 73' lang='grc' dir='ltr'>τῆς</span> <span class='ocrx_word' id='word_1_193' title='bbox 856 1444 968 1486; x_wconf 88' lang='grc' dir='ltr'>ΜΝ</span> <span class='ocrx_word' id='word_1_194' title='bbox 1092 1446 1144 1486; x_wconf 91' lang='grc'>11</span> <span class='ocrx_word' id='word_1_195' title='bbox 1181 1444 1325 1502; x_wconf 86' lang='grc' dir='ltr'>ΒΛΑ]</span> <span class='ocrx_word' id='word_1_196' title='bbox 1350 1447 1443 1500; x_wconf 80' lang='grc' dir='ltr'>ΒΛ,</span> <span class='ocrx_word' id='word_1_197' title='bbox 1468 1449 1554 1489; x_wconf 85' lang='grc' dir='ltr'>ΛΑ</span> <span class='ocrx_word' id='word_1_198' title='bbox 1669 1442 1752 1503; x_wconf 79' lang='grc' dir='ltr'>ὡς]</span> <span class='ocrx_word' id='word_1_199' title='bbox 1779 1442 1863 1489; x_wconf 70' lang='grc' dir='ltr'>καὶ</span> <span class='ocrx_word' id='word_1_200' title='bbox 1887 1441 1952 1494; x_wconf 79' lang='grc' dir='ltr'>ὡς</span> 
     </span>
    </p>

    <p class='ocr_par' dir='ltr' id='par_1_7' title="bbox 245 1504 1949 1635">
     <span class='ocr_line' id='line_1_21' title="bbox 307 1504 1949 1569; baseline 0.002 -18"><span class='ocrx_word' id='word_1_201' title='bbox 307 1512 362 1552; x_wconf 88' lang='grc'>12</span> <span class='ocrx_word' id='word_1_202' title='bbox 390 1508 555 1566; x_wconf 91' lang='grc' dir='ltr'><strong>ΑΜΒ]</strong></span> <span class='ocrx_word' id='word_1_203' title='bbox 583 1508 650 1552; x_wconf 82' lang='lat' dir='ltr'>sio</span> <span class='ocrx_word' id='word_1_204' title='bbox 746 1512 799 1552; x_wconf 88' lang='grc'>13</span> <span class='ocrx_word' id='word_1_205' title='bbox 833 1510 919 1552; x_wconf 88' lang='grc' dir='ltr'>καί</span> <span class='ocrx_word' id='word_1_206' title='bbox 948 1504 1095 1567; x_wconf 80' lang='grc' dir='ltr'>ἐστιν]</span> <span class='ocrx_word' id='word_1_207' title='bbox 1131 1505 1232 1553; x_wconf 77' lang='grc' dir='ltr'>ἀλλ’</span> <span class='ocrx_word' id='word_1_208' title='bbox 1327 1511 1446 1569; x_wconf 87' lang='grc' dir='ltr'>ΛΚ]</span> <span class='ocrx_word' id='word_1_209' title='bbox 1479 1512 1562 1567; x_wconf 86' lang='grc' dir='ltr'>τῆς</span> <span class='ocrx_word' id='word_1_210' title='bbox 1593 1514 1686 1555; x_wconf 87' lang='grc' dir='ltr'>ΚΛ</span> <span class='ocrx_word' id='word_1_211' title='bbox 1780 1514 1835 1555; x_wconf 85' lang='grc'>14</span> <span class='ocrx_word' id='word_1_212' title='bbox 1867 1509 1949 1556; x_wconf 79' lang='grc' dir='ltr'>καὶ</span> 
     </span>
     <span class='ocr_line' id='line_1_22' title="bbox 245 1571 1712 1635; baseline 0.001 -15"><span class='ocrx_word' id='word_1_213' title='bbox 245 1573 309 1626; x_wconf 82' lang='grc' dir='ltr'>ὡς</span> <span class='ocrx_word' id='word_1_214' title='bbox 342 1601 397 1607; x_wconf 91' lang='grc'><strong>-</strong></span> <span class='ocrx_word' id='word_1_215' title='bbox 434 1579 488 1619; x_wconf 87' lang='grc'>15</span> <span class='ocrx_word' id='word_1_216' title='bbox 522 1571 717 1633; x_wconf 79' lang='grc' dir='ltr'>ὀρθίαν]</span> <span class='ocrx_word' id='word_1_217' title='bbox 754 1587 893 1632; x_wconf 79' lang='lat' dir='ltr'>supra</span> <span class='ocrx_word' id='word_1_218' title='bbox 925 1588 1011 1622; x_wconf 83' lang='lat' dir='ltr'>scr.</span> <span class='ocrx_word' id='word_1_219' title='bbox 1134 1581 1189 1620; x_wconf 91' lang='grc'>21</span> <span class='ocrx_word' id='word_1_220' title='bbox 1225 1573 1419 1635; x_wconf 80' lang='grc' dir='ltr'>εὐθεῖα]</span> <span class='ocrx_word' id='word_1_221' title='bbox 1454 1594 1507 1622; x_wconf 89' lang='grc' dir='ltr'>-α</span> <span class='ocrx_word' id='word_1_222' title='bbox 1539 1591 1564 1623; x_wconf 83' lang='grc' dir='ltr'>θ</span> <span class='ocrx_word' id='word_1_223' title='bbox 1597 1591 1712 1622; x_wconf 84' lang='lat' dir='ltr'>corr.</span> 
     </span>
    </p>

    <p class='ocr_par' dir='ltr' id='par_1_8' title="bbox 246 1640 1948 1836">
     <span class='ocr_line' id='line_1_23' title="bbox 364 1640 1948 1704; baseline 0.002 -19"><span class='ocrx_word' id='word_1_224' title='bbox 364 1657 412 1700; x_wconf 88' lang='lat' dir='ltr'>p.</span> <span class='ocrx_word' id='word_1_225' title='bbox 437 1644 507 1697; x_wconf 82' lang='lat'>90,</span> <span class='ocrx_word' id='word_1_226' title='bbox 539 1647 560 1686; x_wconf 90' lang='lat'>1</span> <span class='ocrx_word' id='word_1_227' title='bbox 594 1640 909 1700; x_wconf 80' lang='grc' dir='ltr'>τεταγμένως]</span> <span class='ocrx_word' id='word_1_228' title='bbox 942 1658 1038 1687; x_wconf 91' lang='grc' dir='ltr'>τετ-</span> <span class='ocrx_word' id='word_1_229' title='bbox 1065 1656 1090 1687; x_wconf 84' lang='lat' dir='ltr'>e</span> <span class='ocrx_word' id='word_1_230' title='bbox 1116 1656 1230 1688; x_wconf 79' lang='lat' dir='ltr'>corr,</span> <span class='ocrx_word' id='word_1_231' title='bbox 1324 1648 1350 1688; x_wconf 94' lang='grc'>2</span> <span class='ocrx_word' id='word_1_232' title='bbox 1384 1645 1584 1704; x_wconf 80' lang='grc' dir='ltr'>κείσθω]</span> <span class='ocrx_word' id='word_1_233' title='bbox 1615 1643 1731 1690; x_wconf 79' lang='grc' dir='ltr'>ἔστω</span> <span class='ocrx_word' id='word_1_234' title='bbox 1826 1645 1948 1703; x_wconf 91' lang='grc' dir='ltr'>ΖΗ]</span> 
     </span>
     <span class='ocr_line' id='line_1_24' title="bbox 246 1706 1948 1771; baseline 0.002 -19"><span class='ocrx_word' id='word_1_235' title='bbox 246 1711 340 1753; x_wconf 89' lang='grc' dir='ltr'>ΗΖ</span> <span class='ocrx_word' id='word_1_236' title='bbox 432 1714 461 1752; x_wconf 86' lang='grc'>4</span> <span class='ocrx_word' id='word_1_237' title='bbox 493 1709 647 1767; x_wconf 90' lang='grc' dir='ltr'><strong>ΒΕΑ]</strong></span> <span class='ocrx_word' id='word_1_238' title='bbox 681 1709 775 1752; x_wconf 84' lang='grc' dir='ltr'>τῶν</span> <span class='ocrx_word' id='word_1_239' title='bbox 800 1711 934 1753; x_wconf 92' lang='grc' dir='ltr'>ΒΕΑ</span> <span class='ocrx_word' id='word_1_240' title='bbox 1028 1709 1108 1754; x_wconf 84' lang='grc' dir='ltr'>καὶ</span> <span class='ocrx_word' id='word_1_241' title='bbox 1143 1706 1255 1754; x_wconf 81' lang='grc' dir='ltr'>ἐπεί</span> <span class='ocrx_word' id='word_1_242' title='bbox 1282 1707 1429 1770; x_wconf 79' lang='grc' dir='ltr'>ἔστιν]</span> <span class='ocrx_word' id='word_1_243' title='bbox 1463 1707 1566 1756; x_wconf 73' lang='grc' dir='ltr'>ἀλλ’</span> <span class='ocrx_word' id='word_1_244' title='bbox 1661 1715 1688 1755; x_wconf 87' lang='grc'><strong>9</strong></span> <span class='ocrx_word' id='word_1_245' title='bbox 1721 1710 1798 1771; x_wconf 92' lang='grc' dir='ltr'>τό]</span> <span class='ocrx_word' id='word_1_246' title='bbox 1831 1724 1948 1761; x_wconf 84' lang='lat' dir='ltr'>corr.</span> 
     </span>
     <span class='ocr_line' id='line_1_25' title="bbox 247 1776 1364 1836; baseline 0.001 -16"><span class='ocrx_word' id='word_1_247' title='bbox 247 1790 303 1820; x_wconf 85' lang='lat' dir='ltr'>ex</span> <span class='ocrx_word' id='word_1_248' title='bbox 334 1776 396 1836; x_wconf 81' lang='grc' dir='ltr'>τῷ</span> <span class='ocrx_word' id='word_1_249' title='bbox 490 1779 547 1819; x_wconf 89' lang='grc'>20</span> <span class='ocrx_word' id='word_1_250' title='bbox 581 1776 753 1834; x_wconf 90' lang='grc' dir='ltr'>ΔΓΕ]</span> <span class='ocrx_word' id='word_1_251' title='bbox 787 1778 828 1818; x_wconf 91' lang='grc' dir='ltr'><strong>Ε</strong></span> <span class='ocrx_word' id='word_1_252' title='bbox 860 1789 886 1820; x_wconf 83' lang='grc' dir='ltr'>θ</span> <span class='ocrx_word' id='word_1_253' title='bbox 919 1790 1033 1821; x_wconf 77' lang='lat' dir='ltr'>corr,</span> <span class='ocrx_word' id='word_1_254' title='bbox 1129 1776 1233 1835; x_wconf 88' lang='grc' dir='ltr'>ΓΔ]</span> <span class='ocrx_word' id='word_1_255' title='bbox 1267 1781 1364 1821; x_wconf 86' lang='grc' dir='ltr'>ΔΓ</span> 
     </span>
    </p>

    <p class='ocr_par' dir='ltr' id='par_1_9' title="bbox 247 1841 1950 1968">
     <span class='ocr_line' id='line_1_26' title="bbox 365 1841 1950 1904; baseline 0.003 -18"><span class='ocrx_word' id='word_1_256' title='bbox 365 1858 411 1900; x_wconf 90' lang='lat' dir='ltr'>p.</span> <span class='ocrx_word' id='word_1_257' title='bbox 446 1846 517 1898; x_wconf 83' lang='grc'><strong>92,</strong></span> <span class='ocrx_word' id='word_1_258' title='bbox 551 1846 576 1887; x_wconf 83' lang='grc'><strong>7</strong></span> <span class='ocrx_word' id='word_1_259' title='bbox 615 1843 725 1899; x_wconf 75' lang='lat' dir='ltr'>post</span> <span class='ocrx_word' id='word_1_260' title='bbox 766 1845 866 1886; x_wconf 93' lang='grc' dir='ltr'>ΓΗ</span> <span class='ocrx_word' id='word_1_261' title='bbox 900 1843 1005 1887; x_wconf 85' lang='lat' dir='ltr'><strong>add.</strong></span> <span class='ocrx_word' id='word_1_262' title='bbox 1047 1844 1127 1888; x_wconf 83' lang='grc' dir='ltr'>καὶ</span> <span class='ocrx_word' id='word_1_263' title='bbox 1167 1841 1230 1895; x_wconf 80' lang='grc' dir='ltr'>ὡς</span> <span class='ocrx_word' id='word_1_264' title='bbox 1261 1841 1355 1901; x_wconf 77' lang='grc' dir='ltr'>ἄρα</span> <span class='ocrx_word' id='word_1_265' title='bbox 1393 1842 1446 1890; x_wconf 89' lang='grc' dir='ltr'>τὸ</span> <span class='ocrx_word' id='word_1_266' title='bbox 1479 1841 1575 1890; x_wconf 77' lang='grc' dir='ltr'>ὑπὸ</span> <span class='ocrx_word' id='word_1_267' title='bbox 1608 1845 1701 1889; x_wconf 81' lang='grc' dir='ltr'>τῶν</span> <span class='ocrx_word' id='word_1_268' title='bbox 1733 1848 1832 1904; x_wconf 93' lang='grc' dir='ltr'>ΒΖ,</span> <span class='ocrx_word' id='word_1_269' title='bbox 1867 1848 1950 1890; x_wconf 84' lang='grc' dir='ltr'>ΖΑ</span> 
     </span>
     <span class='ocr_line' id='line_1_27' title="bbox 247 1905 1947 1968; baseline 0.002 -14"><span class='ocrx_word' id='word_1_270' title='bbox 247 1906 364 1967; x_wconf 84' lang='grc' dir='ltr'>πρὸς</span> <span class='ocrx_word' id='word_1_271' title='bbox 397 1907 448 1954; x_wconf 88' lang='grc' dir='ltr'>τὸ</span> <span class='ocrx_word' id='word_1_272' title='bbox 482 1905 579 1954; x_wconf 77' lang='grc' dir='ltr'>ὑπὸ</span> <span class='ocrx_word' id='word_1_273' title='bbox 611 1909 705 1953; x_wconf 83' lang='grc' dir='ltr'>τῶν</span> <span class='ocrx_word' id='word_1_274' title='bbox 738 1913 848 1968; x_wconf 89' lang='grc' dir='ltr'>ΑΗ,</span> <span class='ocrx_word' id='word_1_275' title='bbox 874 1913 980 1965; x_wconf 91' lang='grc' dir='ltr'>ΗΒ,</span> <span class='ocrx_word' id='word_1_276' title='bbox 1014 1906 1136 1954; x_wconf 71' lang='grc' dir='ltr'>οὕτω</span> <span class='ocrx_word' id='word_1_277' title='bbox 1168 1906 1221 1955; x_wconf 85' lang='grc' dir='ltr'>τὸ</span> <span class='ocrx_word' id='word_1_278' title='bbox 1256 1905 1353 1955; x_wconf 72' lang='grc' dir='ltr'>ἀπὸ</span> <span class='ocrx_word' id='word_1_279' title='bbox 1384 1912 1466 1968; x_wconf 86' lang='grc' dir='ltr'>τῆς</span> <span class='ocrx_word' id='word_1_280' title='bbox 1501 1915 1592 1956; x_wconf 89' lang='grc' dir='ltr'>ΖΓ</span> <span class='ocrx_word' id='word_1_281' title='bbox 1615 1909 1734 1968; x_wconf 82' lang='grc' dir='ltr'>πρὸς</span> <span class='ocrx_word' id='word_1_282' title='bbox 1764 1908 1817 1957; x_wconf 87' lang='grc' dir='ltr'>τὸ</span> <span class='ocrx_word' id='word_1_283' title='bbox 1851 1908 1947 1957; x_wconf 76' lang='grc' dir='ltr'>ἀπὸ</span> 
     </span>
    </p>
   </div>
   <div class='ocr_carea' id='block_1_3' title="bbox 245 1975 2026 2039">
    <p class='ocr_par' dir='ltr' id='par_1_10' title="bbox 245 1975 2026 2039">
     <span class='ocr_line' id='line_1_28' title="bbox 245 1975 2026 2039; baseline 0.003 -20"><span class='ocrx_word' id='word_1_284' title='bbox 245 1978 328 2032; x_wconf 86' lang='grc' dir='ltr'>τῆς</span> <span class='ocrx_word' id='word_1_285' title='bbox 353 1979 452 2019; x_wconf 90' lang='grc' dir='ltr'><strong>ΓΗ</strong></span> <span class='ocrx_word' id='word_1_286' title='bbox 541 1980 593 2019; x_wconf 92' lang='grc'>11</span> <span class='ocrx_word' id='word_1_287' title='bbox 629 1977 735 2035; x_wconf 90' lang='grc' dir='ltr'>ΓΖ]</span> <span class='ocrx_word' id='word_1_288' title='bbox 771 1981 855 2021; x_wconf 90' lang='grc' dir='ltr'>ΓΒ</span> <span class='ocrx_word' id='word_1_289' title='bbox 947 1977 1063 2035; x_wconf 92' lang='grc' dir='ltr'>ΒΓ]</span> <span class='ocrx_word' id='word_1_290' title='bbox 1101 1980 1190 2021; x_wconf 95' lang='grc' dir='ltr'>ΖΓ</span> <span class='ocrx_word' id='word_1_291' title='bbox 1279 1983 1333 2023; x_wconf 94' lang='grc'>12</span> <span class='ocrx_word' id='word_1_292' title='bbox 1365 1979 1451 2039; x_wconf 81' lang='grc' dir='ltr'>τῷ]</span> <span class='ocrx_word' id='word_1_293' title='bbox 1486 1975 1538 2023; x_wconf 87' lang='grc' dir='ltr'>τό</span> <span class='ocrx_word' id='word_1_294' title='bbox 1630 1975 1795 2038; x_wconf 83' lang='grc' dir='ltr'>τό]τῷ</span> <span class='ocrx_word' id='word_1_295' title='bbox 1891 1983 1947 2024; x_wconf 87' lang='grc'><strong>13</strong></span> <span class='ocrx_word' id='word_1_296' title='bbox 2023 1987 2026 1991; x_wconf 91' lang='grc'>’</span> 
     </span>
    </p>
   </div>
   <div class='ocr_carea' id='block_1_4' title="bbox 245 2038 1951 2971">
    <p class='ocr_par' dir='ltr' id='par_1_11' title="bbox 245 2038 1948 2167">
     <span class='ocr_line' id='line_1_29' title="bbox 245 2038 1948 2104; baseline 0.004 -19"><span class='ocrx_word' id='word_1_297' title='bbox 245 2042 331 2101; x_wconf 82' lang='grc' dir='ltr'>τῷ]</span> <span class='ocrx_word' id='word_1_298' title='bbox 364 2039 417 2086; x_wconf 90' lang='grc' dir='ltr'>τό</span> <span class='ocrx_word' id='word_1_299' title='bbox 518 2038 594 2101; x_wconf 89' lang='grc' dir='ltr'>τό]</span> <span class='ocrx_word' id='word_1_300' title='bbox 628 2044 690 2103; x_wconf 80' lang='grc' dir='ltr'>τῷ</span> <span class='ocrx_word' id='word_1_301' title='bbox 807 2048 862 2087; x_wconf 90' lang='grc'>21</span> <span class='ocrx_word' id='word_1_302' title='bbox 903 2045 1336 2104; x_wconf 81' lang='grc' dir='ltr'>προσεκβληθεῖσα]</span> <span class='ocrx_word' id='word_1_303' title='bbox 1376 2043 1404 2101; x_wconf 84' lang='grc' dir='ltr'>ἡ</span> <span class='ocrx_word' id='word_1_304' title='bbox 1439 2047 1790 2103; x_wconf 82' lang='grc' dir='ltr'>προσβληθεῖσα</span> <span class='ocrx_word' id='word_1_305' title='bbox 1889 2051 1948 2091; x_wconf 81' lang='lat'>24</span> 
     </span>
     <span class='ocr_line' id='line_1_30' title="bbox 247 2105 451 2167; baseline -0.01 -14"><span class='ocrx_word' id='word_1_306' title='bbox 247 2105 324 2167; x_wconf 85' lang='grc' dir='ltr'>ὅν]</span> <span class='ocrx_word' id='word_1_307' title='bbox 361 2122 451 2153; x_wconf 86' lang='lat' dir='ltr'>om.</span> 
     </span>
    </p>

    <p class='ocr_par' dir='ltr' id='par_1_12' title="bbox 247 2171 1947 2302">
     <span class='ocr_line' id='line_1_31' title="bbox 365 2171 1947 2238; baseline 0.005 -20"><span class='ocrx_word' id='word_1_308' title='bbox 365 2190 410 2232; x_wconf 87' lang='lat' dir='ltr'>p.</span> <span class='ocrx_word' id='word_1_309' title='bbox 439 2179 510 2231; x_wconf 87' lang='lat'>94,</span> <span class='ocrx_word' id='word_1_310' title='bbox 536 2181 561 2219; x_wconf 90' lang='grc'>2</span> <span class='ocrx_word' id='word_1_311' title='bbox 595 2171 713 2234; x_wconf 72' lang='grc' dir='ltr'>ἀπό]</span> <span class='ocrx_word' id='word_1_312' title='bbox 750 2173 845 2221; x_wconf 77' lang='grc' dir='ltr'>ἀπὸ</span> <span class='ocrx_word' id='word_1_313' title='bbox 870 2181 954 2222; x_wconf 84' lang='grc' dir='ltr'>τοῦ</span> <span class='ocrx_word' id='word_1_314' title='bbox 1050 2181 1103 2223; x_wconf 83' lang='grc'>13</span> <span class='ocrx_word' id='word_1_315' title='bbox 1137 2175 1414 2223; x_wconf 78' lang='grc' dir='ltr'>ὃιελόντι-</span> <span class='ocrx_word' id='word_1_316' title='bbox 1437 2183 1491 2224; x_wconf 86' lang='grc'>15</span> <span class='ocrx_word' id='word_1_317' title='bbox 1516 2180 1672 2238; x_wconf 87' lang='grc' dir='ltr'><strong>ΑΘΒ]</strong></span> <span class='ocrx_word' id='word_1_318' title='bbox 1706 2194 1796 2226; x_wconf 91' lang='lat' dir='ltr'>om.</span> <span class='ocrx_word' id='word_1_319' title='bbox 1888 2185 1947 2226; x_wconf 91' lang='grc'>23</span> 
     </span>
     <span class='ocr_line' id='line_1_32' title="bbox 247 2238 1363 2302; baseline 0.004 -17"><span class='ocrx_word' id='word_1_320' title='bbox 247 2242 319 2300; x_wconf 91' lang='grc' dir='ltr'>τε]</span> <span class='ocrx_word' id='word_1_321' title='bbox 353 2258 403 2286; x_wconf 90' lang='grc' dir='ltr'>τε</span> <span class='ocrx_word' id='word_1_322' title='bbox 436 2244 519 2286; x_wconf 83' lang='grc' dir='ltr'>τοῦ</span> <span class='ocrx_word' id='word_1_323' title='bbox 614 2247 670 2287; x_wconf 85' lang='grc'>27</span> <span class='ocrx_word' id='word_1_324' title='bbox 702 2238 862 2302; x_wconf 82' lang='grc' dir='ltr'>ἤχθω]</span> <span class='ocrx_word' id='word_1_325' title='bbox 895 2242 1195 2302; x_wconf 73' lang='grc' dir='ltr'>κατηγμένην</span> <span class='ocrx_word' id='word_1_326' title='bbox 1227 2242 1363 2302; x_wconf 80' lang='grc' dir='ltr'>ἤχθω</span> 
     </span>
    </p>

    <p class='ocr_par' dir='ltr' id='par_1_13' title="bbox 366 2301 974 2368">
     <span class='ocr_line' id='line_1_33' title="bbox 366 2301 974 2368; baseline 0.003 -15"><span class='ocrx_word' id='word_1_327' title='bbox 366 2325 412 2366; x_wconf 89' lang='lat' dir='ltr'>p.</span> <span class='ocrx_word' id='word_1_328' title='bbox 447 2314 518 2366; x_wconf 89' lang='grc'>96,</span> <span class='ocrx_word' id='word_1_329' title='bbox 554 2315 606 2353; x_wconf 91' lang='grc'>11</span> <span class='ocrx_word' id='word_1_330' title='bbox 643 2301 731 2355; x_wconf 79' lang='grc' dir='ltr'>οὖν</span> <span class='ocrx_word' id='word_1_331' title='bbox 765 2308 850 2368; x_wconf 83' lang='grc' dir='ltr'>ὡς]</span> <span class='ocrx_word' id='word_1_332' title='bbox 884 2325 974 2355; x_wconf 90' lang='lat' dir='ltr'>om.</span> 
     </span>
    </p>

    <p class='ocr_par' dir='ltr' id='par_1_14' title="bbox 247 2374 1949 2505">
     <span class='ocr_line' id='line_1_34' title="bbox 366 2374 1949 2437; baseline 0.003 -17"><span class='ocrx_word' id='word_1_333' title='bbox 366 2391 411 2432; x_wconf 89' lang='grc' dir='ltr'>Ρ.</span> <span class='ocrx_word' id='word_1_334' title='bbox 440 2381 509 2431; x_wconf 87' lang='grc'>98,</span> <span class='ocrx_word' id='word_1_335' title='bbox 536 2380 564 2419; x_wconf 86' lang='grc'>4</span> <span class='ocrx_word' id='word_1_336' title='bbox 595 2377 891 2434; x_wconf 79' lang='grc' dir='ltr'>τεταγμένως</span> <span class='ocrx_word' id='word_1_337' title='bbox 915 2374 1001 2421; x_wconf 80' lang='grc' dir='ltr'>ἄπ’</span> <span class='ocrx_word' id='word_1_338' title='bbox 1023 2374 1194 2437; x_wconf 75' lang='grc' dir='ltr'>αὐτοῦ]</span> <span class='ocrx_word' id='word_1_339' title='bbox 1223 2376 1318 2424; x_wconf 74' lang='grc' dir='ltr'>ἀπὸ</span> <span class='ocrx_word' id='word_1_340' title='bbox 1337 2381 1419 2424; x_wconf 77' lang='grc' dir='ltr'>τοῦ</span> <span class='ocrx_word' id='word_1_341' title='bbox 1438 2383 1481 2424; x_wconf 89' lang='grc' dir='ltr'><em>Δ</em></span> <span class='ocrx_word' id='word_1_342' title='bbox 1504 2377 1798 2437; x_wconf 76' lang='grc' dir='ltr'>τεταγμένως</span> <span class='ocrx_word' id='word_1_343' title='bbox 1891 2383 1949 2424; x_wconf 80' lang='lat'>14</span> 
     </span>
     <span class='ocr_line' id='line_1_35' title="bbox 247 2438 1870 2505; baseline 0.002 -19"><span class='ocrx_word' id='word_1_344' title='bbox 247 2441 276 2499; x_wconf 82' lang='grc' dir='ltr'>ἡ</span> <span class='ocrx_word' id='word_1_345' title='bbox 311 2443 427 2501; x_wconf 78' lang='grc' dir='ltr'>ΞΘ]</span> <span class='ocrx_word' id='word_1_346' title='bbox 462 2438 610 2493; x_wconf 69' lang='grc' dir='ltr'>οὕτως</span> <span class='ocrx_word' id='word_1_347' title='bbox 640 2441 669 2499; x_wconf 86' lang='grc' dir='ltr'>ἡ</span> <span class='ocrx_word' id='word_1_348' title='bbox 704 2444 799 2491; x_wconf 79' lang='grc' dir='ltr'>ΞΘ</span> <span class='ocrx_word' id='word_1_349' title='bbox 894 2448 947 2489; x_wconf 89' lang='grc'>16</span> <span class='ocrx_word' id='word_1_350' title='bbox 981 2442 1064 2503; x_wconf 78' lang='grc' dir='ltr'>ὡς]</span> <span class='ocrx_word' id='word_1_351' title='bbox 1098 2444 1180 2490; x_wconf 78' lang='grc' dir='ltr'>καὶ</span> <span class='ocrx_word' id='word_1_352' title='bbox 1213 2443 1275 2497; x_wconf 78' lang='grc' dir='ltr'>ὥς</span> <span class='ocrx_word' id='word_1_353' title='bbox 1369 2451 1421 2492; x_wconf 91' lang='grc'><strong>18</strong></span> <span class='ocrx_word' id='word_1_354' title='bbox 1454 2446 1623 2505; x_wconf 77' lang='grc' dir='ltr'>ΑΘΞ]</span> <span class='ocrx_word' id='word_1_355' title='bbox 1655 2448 1763 2498; x_wconf 79' lang='grc' dir='ltr'>ΞΘ,</span> <span class='ocrx_word' id='word_1_356' title='bbox 1791 2448 1870 2491; x_wconf 83' lang='grc' dir='ltr'>ΘΑ</span> 
     </span>
    </p>

    <p class='ocr_par' dir='ltr' id='par_1_15' title="bbox 247 2508 1944 2633">
     <span class='ocr_line' id='line_1_36' title="bbox 369 2508 1944 2573; baseline 0.003 -19"><span class='ocrx_word' id='word_1_357' title='bbox 369 2524 414 2565; x_wconf 89' lang='grc' dir='ltr'>Ρ.</span> <span class='ocrx_word' id='word_1_358' title='bbox 452 2512 550 2564; x_wconf 89' lang='grc'><strong>100,</strong></span> <span class='ocrx_word' id='word_1_359' title='bbox 586 2514 611 2552; x_wconf 88' lang='grc'>9</span> <span class='ocrx_word' id='word_1_360' title='bbox 647 2510 750 2568; x_wconf 86' lang='grc' dir='ltr'>ΓΔ]</span> <span class='ocrx_word' id='word_1_361' title='bbox 785 2514 869 2554; x_wconf 87' lang='grc' dir='ltr'>ΓΛ</span> <span class='ocrx_word' id='word_1_362' title='bbox 901 2508 1023 2555; x_wconf 75' lang='grc' dir='ltr'>οὕτω</span> <span class='ocrx_word' id='word_1_363' title='bbox 1121 2516 1174 2556; x_wconf 93' lang='grc'>10</span> <span class='ocrx_word' id='word_1_364' title='bbox 1209 2513 1313 2571; x_wconf 89' lang='grc' dir='ltr'>ΓΔ]</span> <span class='ocrx_word' id='word_1_365' title='bbox 1347 2516 1430 2557; x_wconf 88' lang='grc' dir='ltr'>ΓΔ</span> <span class='ocrx_word' id='word_1_366' title='bbox 1462 2508 1608 2565; x_wconf 67' lang='grc' dir='ltr'>οὕτως</span> <span class='ocrx_word' id='word_1_367' title='bbox 1701 2518 1757 2559; x_wconf 89' lang='grc'>16</span> <span class='ocrx_word' id='word_1_368' title='bbox 1789 2515 1944 2573; x_wconf 92' lang='grc' dir='ltr'><strong>ΒΕΑ]</strong></span> 
     </span>
     <span class='ocr_line' id='line_1_37' title="bbox 247 2573 1031 2633; baseline 0.004 -14"><span class='ocrx_word' id='word_1_369' title='bbox 247 2576 342 2620; x_wconf 83' lang='grc' dir='ltr'>τῶν</span> <span class='ocrx_word' id='word_1_370' title='bbox 374 2578 507 2619; x_wconf 92' lang='grc' dir='ltr'>ΒΕΑ</span> <span class='ocrx_word' id='word_1_371' title='bbox 598 2580 654 2619; x_wconf 86' lang='grc'>22</span> <span class='ocrx_word' id='word_1_372' title='bbox 687 2573 739 2633; x_wconf 90' lang='grc' dir='ltr'>ἡ]</span> <span class='ocrx_word' id='word_1_373' title='bbox 774 2591 914 2633; x_wconf 86' lang='lat' dir='ltr'>supra</span> <span class='ocrx_word' id='word_1_374' title='bbox 946 2591 1031 2624; x_wconf 81' lang='lat' dir='ltr'><strong>scr.</strong></span> 
     </span>
    </p>

    <p class='ocr_par' dir='ltr' id='par_1_16' title="bbox 249 2643 1951 2971">
     <span class='ocr_line' id='line_1_38' title="bbox 367 2643 1943 2705; baseline 0.004 -19"><span class='ocrx_word' id='word_1_375' title='bbox 367 2657 413 2699; x_wconf 86' lang='lat' dir='ltr'>p.</span> <span class='ocrx_word' id='word_1_376' title='bbox 449 2645 548 2698; x_wconf 87' lang='grc'><strong>102,</strong></span> <span class='ocrx_word' id='word_1_377' title='bbox 582 2647 607 2686; x_wconf 82' lang='grc'><strong>6</strong></span> <span class='ocrx_word' id='word_1_378' title='bbox 647 2644 755 2700; x_wconf 75' lang='grc' dir='ltr'>καί]</span> <span class='ocrx_word' id='word_1_379' title='bbox 789 2643 862 2687; x_wconf 79' lang='lat' dir='ltr'>bis</span> <span class='ocrx_word' id='word_1_380' title='bbox 957 2648 1011 2689; x_wconf 92' lang='lat'>13</span> <span class='ocrx_word' id='word_1_381' title='bbox 1047 2645 1165 2703; x_wconf 87' lang='grc' dir='ltr'>ΓΕ]</span> <span class='ocrx_word' id='word_1_382' title='bbox 1199 2649 1294 2689; x_wconf 87' lang='grc' dir='ltr'>ΕΓ</span> <span class='ocrx_word' id='word_1_383' title='bbox 1381 2651 1436 2691; x_wconf 83' lang='lat'>15</span> <span class='ocrx_word' id='word_1_384' title='bbox 1470 2647 1627 2705; x_wconf 87' lang='grc' dir='ltr'>ΕΓΖ]</span> <span class='ocrx_word' id='word_1_385' title='bbox 1659 2650 1802 2691; x_wconf 85' lang='grc' dir='ltr'>ΕΖΓ</span> <span class='ocrx_word' id='word_1_386' title='bbox 1888 2652 1943 2692; x_wconf 75' lang='grc'>17</span> 
     </span>
     <span class='ocr_line' id='line_1_39' title="bbox 249 2705 1951 2770; baseline 0.005 -19"><span class='ocrx_word' id='word_1_387' title='bbox 249 2708 418 2767; x_wconf 83' lang='grc' dir='ltr'><strong>ΗΖΘ]</strong></span> <span class='ocrx_word' id='word_1_388' title='bbox 457 2710 603 2752; x_wconf 84' lang='grc' dir='ltr'><strong>ΘΖΗ</strong></span> <span class='ocrx_word' id='word_1_389' title='bbox 693 2714 746 2753; x_wconf 92' lang='grc'>18</span> <span class='ocrx_word' id='word_1_390' title='bbox 782 2705 1286 2767; x_wconf 76' lang='grc' dir='ltr'>ἐπιζευχθεῖσαι-19</span> <span class='ocrx_word' id='word_1_391' title='bbox 1313 2713 1391 2770; x_wconf 93' lang='grc' dir='ltr'>Μ]</span> <span class='ocrx_word' id='word_1_392' title='bbox 1427 2709 1760 2770; x_wconf 78' lang='grc' dir='ltr'>ἐπιζευχθεῖσα</span> <span class='ocrx_word' id='word_1_393' title='bbox 1790 2731 1820 2770; x_wconf 88' lang='grc' dir='ltr'><em>η</em></span> <span class='ocrx_word' id='word_1_394' title='bbox 1849 2717 1951 2758; x_wconf 88' lang='grc' dir='ltr'><strong>ΓΗ</strong></span> 
     </span>
     <span class='ocr_line' id='line_1_40' title="bbox 251 2771 1945 2839; baseline 0.004 -21"><span class='ocrx_word' id='word_1_395' title='bbox 251 2772 558 2833; x_wconf 77' lang='grc' dir='ltr'>ἐκβεβλήσθω</span> <span class='ocrx_word' id='word_1_396' title='bbox 594 2771 671 2819; x_wconf 80' lang='grc' dir='ltr'>ἐπ’</span> <span class='ocrx_word' id='word_1_397' title='bbox 700 2772 898 2827; x_wconf 73' lang='grc' dir='ltr'>εὐθείας</span> <span class='ocrx_word' id='word_1_398' title='bbox 929 2774 1049 2821; x_wconf 81' lang='grc' dir='ltr'>κατὰ</span> <span class='ocrx_word' id='word_1_399' title='bbox 1079 2775 1131 2822; x_wconf 89' lang='grc' dir='ltr'>τὸ</span> <span class='ocrx_word' id='word_1_400' title='bbox 1157 2781 1218 2822; x_wconf 90' lang='grc' dir='ltr'><strong><em>Μ</em></strong></span> <span class='ocrx_word' id='word_1_401' title='bbox 1241 2777 1323 2822; x_wconf 86' lang='grc' dir='ltr'>καὶ</span> <span class='ocrx_word' id='word_1_402' title='bbox 1348 2778 1644 2836; x_wconf 88' lang='grc' dir='ltr'>συμπιπτέτω</span> <span class='ocrx_word' id='word_1_403' title='bbox 1669 2781 1724 2839; x_wconf 84' lang='grc' dir='ltr'>τῇ</span> <span class='ocrx_word' id='word_1_404' title='bbox 1750 2784 1842 2825; x_wconf 86' lang='grc' dir='ltr'>ΒΚ</span> <span class='ocrx_word' id='word_1_405' title='bbox 1871 2777 1945 2825; x_wconf 86' lang='grc' dir='ltr'>έκ-</span> 
     </span>
     <span class='ocr_line' id='line_1_41' title="bbox 252 2838 1946 2904; baseline 0.004 -18"><span class='ocrx_word' id='word_1_406' title='bbox 252 2844 480 2901; x_wconf 79' lang='grc' dir='ltr'>βληθείσῃ</span> <span class='ocrx_word' id='word_1_407' title='bbox 513 2839 634 2886; x_wconf 79' lang='grc' dir='ltr'>κατὰ</span> <span class='ocrx_word' id='word_1_408' title='bbox 667 2838 719 2887; x_wconf 89' lang='grc' dir='ltr'>τὸ</span> <span class='ocrx_word' id='word_1_409' title='bbox 745 2846 804 2887; x_wconf 94' lang='grc' dir='ltr'><strong><em>Μ</em></strong></span> <span class='ocrx_word' id='word_1_410' title='bbox 831 2842 912 2887; x_wconf 80' lang='grc' dir='ltr'>καὶ</span> <span class='ocrx_word' id='word_1_411' title='bbox 943 2842 1459 2904; x_wconf 82' lang='grc' dir='ltr'>προσεκβεβλήσθωσαν</span> <span class='ocrx_word' id='word_1_412' title='bbox 1488 2847 1611 2891; x_wconf 79' lang='grc' dir='ltr'>αἵτε</span> <span class='ocrx_word' id='word_1_413' title='bbox 1637 2851 1722 2891; x_wconf 91' lang='grc' dir='ltr'>ΑΛ</span> <span class='ocrx_word' id='word_1_414' title='bbox 1753 2846 1833 2892; x_wconf 77' lang='grc' dir='ltr'>καὶ</span> <span class='ocrx_word' id='word_1_415' title='bbox 1859 2849 1946 2891; x_wconf 86' lang='grc' dir='ltr'>ΓΔ</span> 
     </span>
     <span class='ocr_line' id='line_1_42' title="bbox 250 2906 1019 2971; baseline 0.005 -20"><span class='ocrx_word' id='word_1_416' title='bbox 250 2906 371 2952; x_wconf 78' lang='grc' dir='ltr'>κατὰ</span> <span class='ocrx_word' id='word_1_417' title='bbox 404 2906 461 2952; x_wconf 76' lang='grc' dir='ltr'>τά</span> <span class='ocrx_word' id='word_1_418' title='bbox 554 2913 611 2954; x_wconf 88' lang='grc'>26</span> <span class='ocrx_word' id='word_1_419' title='bbox 643 2909 766 2971; x_wconf 90' lang='grc' dir='ltr'>ΑΝ]</span> <span class='ocrx_word' id='word_1_420' title='bbox 797 2906 882 2966; x_wconf 90' lang='grc' dir='ltr'>τὴν</span> <span class='ocrx_word' id='word_1_421' title='bbox 918 2912 1019 2955; x_wconf 91' lang='grc' dir='ltr'>ΟΝ</span> 
     </span>
    </p>
   </div>
  </div>
 </body>
</html>
