2046 3256
788 180 1165 223 FRAGMENTA.
1715 171 1821 222 133

472 346 559 398 De
599 344 950 415 principiis
991 340 1489 395 mathematicis,

254 450 342 504 51.
386 450 630 503 Marinus
670 448 728 500 in
768 447 912 499 Data
949 444 1189 498 Euclidis
1229 464 1278 513 p.
1311 445 1345 495 2
1386 443 1462 495 ed.
1495 440 1707 510 Hardy:

254 534 364 591 Διὸ
405 538 516 591 τῶν
556 532 943 604 ἁπλουστέρως
980 533 1071 586 καὶ
1112 538 1209 602 μιᾷ
1249 552 1359 585 τινι
1399 530 1642 599 διαφορᾷ
1676 545 1825 597 περι-

140 624 379 696 γράφειν
418 623 479 679 τὸ
518 622 823 693 δεδομένον
855 620 1222 690 προθεμένων
1256 620 1314 672 oc
1341 616 1441 687 μὲν
1474 615 1826 686 τεταγμένον,

144 711 217 778 ὡς
242 711 611 776 Ἀπολλώνιος
637 713 696 766 ἐν
721 713 785 781 τῇ
811 709 935 781 περὶ
961 706 1207 763 νεύσεων
1231 705 1322 760 καὶ
1349 707 1409 760 ἐν
1431 712 1502 776 τῇ
1530 701 1828 758 καθόλου
1890 715 1917 755 5

142 804 561 873 πραγματείᾳ.

255 906 339 958 52.
391 904 612 957 Proclus
653 903 708 956 in
747 903 919 957 Elem.
959 919 1008 969 p.
1044 901 1165 964 100,
1198 899 1325 967 5sq.
1341 896 1381 969 1)

246 989 670 1060 Ἀποδεξοόμεθα
719 988 780 1043 δὲ
826 988 917 1043 καὶ
963 985 1094 1050 τοὺς
1143 985 1266 1056 περὶ
1315 983 1691 1039 Ἀπολλώνιον
1746 983 1830 1038 λέ-

146 1100 365 1150 γοντας,
401 1077 483 1134 ὅτι
516 1079 769 1148 γραμμῆς
801 1080 1026 1131 ἔννοιαν
1060 1074 1161 1145 μὲν
1190 1078 1403 1144 ἔχομεν,
1436 1070 1569 1128 ὅταν
1594 1071 1659 1127 τὰ
1685 1070 1829 1142 μήκη

145 1166 320 1238 μόνον
359 1163 392 1238 ἢ
433 1174 543 1222 τῶν
585 1164 735 1221 ὁδῶν
773 1162 808 1235 ἢ
849 1171 961 1218 τῶν
999 1166 1201 1233 τοίχων
1234 1160 1563 1232 άναμετρεῖν
1596 1159 1827 1215 κελεύω-
1863 1172 1917 1211 10

145 1271 270 1326 μεν·
314 1253 383 1310 οὐ
413 1254 520 1325 γὰρ
553 1251 1014 1326 προσποιούμεθα
1047 1251 1169 1305 τότε
1200 1248 1262 1305 τὸ
1296 1249 1518 1318 πλάτος,
1557 1246 1698 1303 ἀλλὰ
1729 1246 1830 1319 τὴν

147 1341 234 1414 ἐφ’
267 1345 329 1397 ἓν
362 1342 655 1397 διάστασιν
681 1339 1144 1410 άναλογιζόμεθα,
1176 1337 1430 1407 καθάπερ
1459 1337 1526 1406 δὴ
1553 1340 1663 1406 καί,
1697 1334 1831 1391 ὅταν

145 1435 319 1502 χωρία
372 1432 679 1501 μετρῶμεν,
731 1427 836 1498 τὴν
892 1425 1220 1496 ἐπιφάνειαν
1273 1422 1520 1497 ὁρῶμεν,
1576 1422 1710 1479 ὅταν
1768 1421 1830 1477 δὲ

148 1518 385 1590 φρέατα,
434 1517 497 1573 τὸ
540 1516 787 1588 στερεόν·
839 1514 1016 1579 πάσας
1054 1515 1162 1584 γὰρ
1204 1511 1347 1584 ὁμοῦ
1385 1511 1483 1577 τὰς
1522 1511 1834 1576 διαστάσεις

149 1605 519 1676 συλλαβόντες
555 1604 989 1676 ἀποφαινόμεθα
1019 1601 1253 1658 τοσόνδε
1285 1599 1429 1656 εἶναι
1462 1601 1522 1655 τὸ
1560 1599 1832 1670 διάστημα
1868 1613 1921 1654 15

69 1759 76 1765 ,
147 1697 248 1749 τοῦ
295 1695 532 1765 φρέατος
584 1692 723 1748 κατά
772 1714 830 1748 τε
879 1694 1050 1762 μῆκος
1103 1691 1194 1745 καὶ
1242 1690 1445 1754 πλάτος
1498 1689 1589 1743 καὶ
1636 1687 1833 1760 βάθος.

151 1789 419 1853 αἴσθησιν
477 1782 538 1836 δὲ
585 1778 755 1851 αὐτῆς
801 1780 1068 1850 λάβοιμεν
1123 1776 1194 1834 ἂν
1243 1776 1533 1841 ἀπιδόντες
1580 1781 1657 1841 εἰς
1705 1775 1835 1841 τοὺς

153 1869 477 1942 διορισμοὺς
522 1873 638 1925 τῶν
683 1869 1118 1939 πεφωτισμένων
1164 1865 1349 1922 τόπων
1396 1863 1503 1920 άπὸ
1542 1867 1654 1920 τῶν
1696 1867 1834 1920 ἐσκι-

152 1959 407 2028 ασμένων
445 1957 536 2012 καὶ
577 1957 665 2011 ἐπὶ
703 1959 801 2027 τῆς
841 1957 1072 2026 σελήνης
1109 1955 1200 2009 καὶ
1241 1954 1327 2009 ἐπὶ
1366 1955 1462 2024 τῆς
1501 1956 1621 2024 γῆς·
1667 1961 1832 2008 τοῦτο

151 2045 258 2117 γὰρ
290 2044 352 2101 τὸ
387 2046 557 2116 μέσον
590 2043 726 2099 κατὰ
758 2044 859 2115 μὲν
892 2043 1096 2108 πλάτος
1127 2041 1465 2098 άδιάστατόν
1491 2043 1620 2112 ἐστι,
1662 2044 1834 2112 μῆκος
1865 2053 1920 2092 20

155 2133 216 2189 δὲ
256 2137 364 2204 ἔχει
402 2131 463 2188 τὸ
507 2131 1117 2204 συμπαρεκτεινόμενον
1155 2134 1230 2206 τῷ
1272 2130 1414 2200 φωτὶ
1459 2129 1552 2183 καὶ
1589 2132 1654 2201 τῇ
1694 2132 1835 2202 σκιᾷ.

266 2239 352 2292 53.
399 2237 621 2291 Proclus
661 2238 717 2289 in
756 2237 928 2289 Elem.
968 2256 1017 2306 p.
1055 2237 1174 2304 123,
1210 2237 1280 2288 14
1298 2254 1396 2304 sq.:

274 2329 386 2379 Τοῦ
435 2323 536 2394 μὲν
575 2321 886 2378 Εὐκλείδου
932 2327 1114 2377 κλίσιν
1163 2322 1422 2392 λέγοντος
1460 2319 1563 2391 τὴν
1604 2324 1835 2391 γωνίαν,

157 2420 257 2467 τοῦ
297 2411 359 2466 δὲ
393 2409 767 2466 Ἀπολλωνίου
808 2409 1142 2480 συναγωγὴν
1182 2412 1504 2481 ἐπιφανείας
1542 2405 1575 2479 ἢ
1610 2417 1837 2479 στερεοῦ

157 2498 293 2572 πρὸς
333 2499 416 2554 ἑνὶ
448 2504 652 2573 σημείῳ
683 2496 793 2553 ὑπὸ
825 2498 1162 2569 κεκλασμένη
1195 2499 1417 2568 γραμμῇ
1449 2493 1483 2567 ἢ
1519 2498 1832 2569 ἐπιφανείᾳ·
1866 2508 1921 2548 25

160 2591 315 2643 δοκεῖ
349 2586 456 2659 γὰρ
498 2580 659 2651 οὗτος
696 2585 948 2641 καθόλου
987 2588 1170 2640 πᾶσαν
1209 2582 1575 2656 ἀφορίζεσθαι
1610 2588 1837 2654 γωνίαν.

281 2779 324 2835 1)
370 2778 437 2822 De
483 2775 557 2820 his
603 2775 880 2832 fragmentis
924 2791 968 2820 u.
1007 2774 1221 2831 Tannery
1268 2773 1473 2818 Bulletin
1514 2772 1593 2817 des
1636 2772 1838 2816 sciences

159 2836 565 2891 math4matique3,
600 2840 648 2879 2θ
672 2834 804 2890 εὲτίο,
835 2834 878 2878 V
900 2848 943 2889 p.
970 2837 1068 2889 124,
1101 2835 1148 2878 et
1177 2832 1256 2877 cfr.
1283 2845 1401 2888 quae
1426 2832 1583 2876 monui
1607 2830 1836 2886 Philolog.

160 2895 307 2938 XLIII
330 2911 374 2952 p.
402 2898 501 2939 488.
547 2893 724 2938 ibidem
756 2892 1016 2948 suspicatus
1049 2906 1162 2949 sum,
1197 2892 1338 2935 etiam
1363 2891 1510 2935 Procl.
1535 2904 1580 2946 p.
1607 2895 1706 2946 227,
1733 2895 1835 2944 9sq.

161 2953 222 2996 ad.
251 2952 550 3009 Apollonium
564 2952 825 3012 pertinere.
