2020 3236
266 123 375 176 282
739 124 1178 170 COMMENTARIA
1208 123 1494 179 ANTIQUA.

264 250 431 299 θεῖσα
487 240 521 314 ἡ
568 248 626 298 K
634 249 686 298 A
740 242 1100 314 συμβαλλέτω
1153 251 1220 317 τῇ
1271 249 1409 299 AM
1443 242 1584 300 κατὰ
1629 243 1691 302 τὸ
1740 250 1831 318 Μ,
1877 247 1971 303 καὶ

263 330 619 403 πεποιήσθω,
668 329 741 397 ὡς
789 329 822 404 ἡ
872 336 978 387 ΘΖ
1023 331 1163 404 πρὸς
1211 338 1346 405 ΖΗ,
1392 330 1426 406 ἡ
1468 339 1605 390 ΛΜ
1640 335 1782 406 πρὸς
1820 340 1971 407 ΜΝ,

262 422 356 476 καὶ
409 424 476 494 τῇ
531 426 652 476 AN
705 427 796 492 ἴση
853 424 991 477 ἔστω
1045 419 1080 493 ἡ
1122 426 1253 493 ΛΞ,
1301 422 1395 478 καὶ
1441 422 1865 496 ἐπεζεύχθωσαν
1912 427 1976 481 αἱ

263 515 409 582 ΝΚ,
450 511 564 573 ΚΞ
612 510 706 567 καὶ
762 509 1260 583 ἐκβεβλήσθωσαν,
1315 511 1410 567 καὶ
1455 511 1891 586 ἄνοιπληρωθεὶς
1937 511 1968 571 ὃ

202 615 230 654 5
262 598 463 665 κύκλος
508 599 750 671 τεμνέτω
799 596 972 665 αὐτὰς
1016 598 1155 655 κατὰ
1195 600 1264 655 τὰ
1303 606 1388 672 Π,
1424 606 1488 673 Ο,
1526 601 1620 657 καὶ
1659 601 1970 675 ἐπεζεύχθω

262 686 297 759 ἡ
342 694 524 744 οΡΠ.

375 778 492 834 ἐπεὶ
541 771 646 835 οὖν
687 780 865 851 ἐστιν,
912 777 986 845 ὡς
1025 777 1058 850 ἡ
1102 785 1204 834 ΖΘ
1242 778 1380 852 πρὸς
1419 784 1556 850 ΖΗ,
1602 776 1638 852 ἡ
1678 786 1813 836 ΛΜ
1833 781 1974 854 πρὸς

261 872 418 938 ΜΝ,
475 867 772 939 συνθέντι,
828 866 903 933 ὡς
957 867 992 939 ἡ
1042 874 1165 923 ΘΗ
1212 866 1350 942 πρὸς
1399 873 1537 940 ΗΖ,
1583 865 1618 940 ἡ
1667 874 1789 926 AN
1831 868 1972 943 πρὸς

262 961 415 1011 ΝΜ·
449 954 746 1028 ἀνάπαλιν,
782 955 856 1023 ὡς
886 979 919 1028 η
956 963 1076 1012 ΖΗ
1099 955 1238 1029 πρὸς
1268 961 1399 1028 ΗΘ,
1431 954 1466 1029 ἡ
1499 963 1643 1013 ΝΜ
1662 956 1802 1031 πρὸς
1832 963 1970 1030 ΝΛ,

175 1061 230 1100 10
264 1043 337 1110 ὡς
386 1045 448 1101 δὲ
495 1044 529 1117 ἡ
579 1052 699 1101 ΖΗ
735 1046 874 1119 πρὸς
920 1052 1060 1117 ΗΕ,
1106 1044 1141 1118 ἡ
1184 1052 1323 1102 ΜΝ
1354 1045 1494 1119 πρὸς
1525 1047 1662 1110 ΝΞ·
1710 1047 1971 1118 διελόντι,

263 1132 336 1200 ὡς
375 1132 409 1206 ἦ
452 1141 572 1190 ΖΗ
601 1133 742 1206 πρὸς
783 1140 905 1205 ΖΕ,
944 1132 979 1206 ἡ
1029 1141 1173 1191 ΝΜ
1202 1134 1343 1208 πρὸς
1381 1137 1513 1199 ΜΞ.
1588 1135 1682 1191 καὶ
1721 1136 1838 1192 ἐπεὶ
1877 1142 1970 1207 ἴση

262 1222 415 1278 ἐστὶν
455 1221 489 1292 ἡ
530 1229 649 1279 NA
688 1233 753 1297 τῇ
796 1226 918 1294 ΛΞ,
958 1223 1121 1296 κοινὴ
1163 1224 1350 1281 δὲκαὶ
1381 1223 1521 1295 πρὸς
1553 1221 1735 1298 ὀρθὰς
1765 1222 1800 1296 ἡ
1835 1230 1968 1295 ΛΚ,

262 1319 354 1382 ἴση
403 1309 514 1384 ἄρα
559 1313 652 1367 καὶ
698 1310 733 1384 ἡ
773 1317 901 1368 ΚΝ
938 1316 1005 1387 τῇ
1056 1315 1180 1377 ΚΞ.
1258 1318 1374 1370 ἔστι
1422 1313 1486 1369 δὲ
1530 1314 1622 1370 καὶ
1669 1312 1702 1386 ἡ
1743 1319 1858 1369 ΚΟ
1903 1316 1970 1387 τῇ

260 1406 388 1455 ΚΠ
433 1407 548 1472 ἔσῃ’
603 1400 956 1474 παράλληλος
1010 1400 1120 1474 ἄρα
1174 1400 1208 1474 ἡ
1266 1404 1384 1465 ΝΞ
1432 1405 1498 1476 τῇ
1558 1409 1684 1459 ΟΠ.
1769 1400 1970 1475 ὅμοιον

177 1506 231 1547 15
265 1487 375 1558 ἄρα
426 1488 487 1545 τὸ
538 1496 741 1546 ΚΜΝ
786 1495 1066 1564 τρίγωνον
1121 1494 1196 1566 τῷ
1251 1495 1418 1546 ΟΚΡ
1463 1490 1721 1566 τριγώνῳ
1768 1492 1861 1548 καὶ
1906 1492 1969 1547 τὸ

261 1580 449 1641 ΚΜΞ
497 1582 573 1654 τῷ
627 1585 813 1635 ΠΡΚ.
892 1584 1043 1637 ἔστιν
1099 1578 1232 1653 ἄρα,
1289 1578 1364 1646 ὥς
1409 1577 1443 1652 ἡ
1492 1585 1628 1636 ΚΜ
1663 1580 1803 1653 πρὸς
1848 1585 1970 1651 ΚΡ,

261 1665 295 1739 ἡ
330 1673 470 1722 ΜΝ
492 1671 630 1741 πρὸς
660 1674 775 1724 ΡΟ.
846 1667 987 1724 ἀλλὰ
1020 1674 1130 1740 καί,
1169 1666 1244 1735 ὥς
1275 1666 1415 1740 αὐτὴ
1448 1666 1482 1741 ἡ
1516 1675 1654 1725 ΚΜ
1675 1673 1814 1743 πρὸς
1845 1675 1969 1740 ΚΡ,

261 1754 295 1826 ἡ
331 1758 454 1820 ΜΞ
488 1760 627 1830 πρὸς
658 1764 788 1813 ΠΡ·
827 1758 920 1813 καὶ
962 1755 1036 1823 ὡς
1074 1757 1185 1831 ἄρα
1223 1756 1257 1829 ἡ
1291 1763 1434 1814 ΝΜ
1453 1761 1592 1831 πρὸς
1623 1764 1741 1829 ΡΟ,
1779 1757 1815 1829 ἡ
1850 1761 1975 1822 ΜΞ

261 1850 398 1918 πρὸς
437 1853 569 1902 ΠΡ·
617 1847 711 1902 καὶ
753 1846 1013 1917 ἐναλλάξ,
1063 1845 1139 1912 ὡς
1176 1846 1210 1918 ἡ
1250 1851 1393 1902 ΝΜ
1421 1850 1561 1919 πρὸς
1601 1849 1743 1919 ΜΞ,
1791 1844 1826 1919 ἡ
1871 1852 1977 1902 ΟΡ

171 1950 231 1990 20
262 1940 400 2005 πρὸς
447 1942 569 1991 ΡΠ.
663 1929 786 1991 ἀλλ’
838 1933 915 2000 ὡς
969 1935 1071 2007 μὲν
1126 1934 1160 2006 ἡ
1210 1941 1350 1991 ΝΜ
1388 1939 1526 2007 πρὸς
1573 1937 1716 2006 ΜΞ,
1771 1932 1805 2007 ἡ
1853 1941 1968 1991 ΗΖ

260 2028 399 2094 πρὸς
446 2025 909 2094 ΖΕ,’τουτε’στιν
957 2022 991 2095 ἡ
1043 2030 1159 2080 ΔΕ
1203 2028 1341 2095 πρὸς
1386 2030 1518 2095 ΕΖ,
1566 2022 1641 2091 ὥς
1688 2022 1823 2095 δὲὴ
1868 2030 1975 2080 ΟΡ

262 2116 400 2183 πρὸς
433 2119 559 2183 ΡΠ,
598 2117 661 2169 τὸ
702 2112 810 2169 ἀπὸ
847 2119 952 2168 ΟΡ
982 2117 1122 2184 πρὸς
1159 2117 1220 2169 τὸ
1259 2111 1369 2170 ὑπὸ
1405 2119 1580 2168 ΟΡΠ·
1619 2113 1713 2168 καὶ
1753 2110 1827 2178 ὡς
1856 2111 1968 2184 ἄρα

262 2198 296 2271 ἡ
328 2207 446 2256 ΔΕ
473 2204 611 2274 πρὸς
643 2209 765 2273 ΕΖ,
804 2206 867 2258 τὸ
908 2199 1015 2258 ἀπὸ
1051 2208 1157 2257 ΟΡ
1180 2206 1319 2275 πρὸς
1349 2206 1411 2258 τὸ
1442 2204 1551 2258 ὑπὸ
1588 2207 1768 2258 ΟΡΠ.
1838 2208 1966 2258 ἴσον

157 2300 169 2314 “
266 2289 328 2344 δὲ
370 2295 432 2346 τὸ
472 2288 580 2347 ὑπὸ
625 2297 795 2346 ΟΡΠ
827 2294 903 2368 τῷ
943 2289 1053 2347 ὑπὸ
1094 2296 1268 2350 ΑΡΓ.
1345 2288 1420 2356 ὥς
1458 2289 1568 2363 ἄρα
1605 2288 1640 2362 ἡ
1676 2296 1795 2346 ΔΕ
1827 2294 1967 2363 πρὸς

173 2393 232 2433 25
266 2384 387 2449 ΕΖ,
427 2378 488 2434 τὸ
530 2378 639 2436 ἀπὸ
685 2386 790 2435 οΡ
820 2384 959 2454 πρὸς
996 2379 1058 2436 τὸ
1094 2377 1202 2435 ὑπὸ
1245 2385 1421 2437 ΑΡΓ.
1859 2373 1861 2375 ’

384 2546 423 2584 3.
469 2540 546 2586 ἔστ
526 2544 607 2614 tm]
647 2559 707 2586 -ω
748 2542 797 2586 in
829 2556 918 2587 ras,
951 2542 1026 2587 W.
1180 2545 1220 2588 5.
1264 2543 1326 2597 Ο,
1359 2543 1410 2584 Π
1444 2541 1615 2598 Halley
1645 2556 1752 2587 cum
1784 2540 1961 2587 Comm.

327 2605 394 2645 10.
428 2599 501 2659 δέ]
528 2597 651 2657 apoc?
746 2605 812 2645 12.
844 2602 963 2660 ΛΞ]
988 2605 1075 2646 ΔΖ
1098 2601 1213 2659 Wp,
1239 2614 1354 2645 corr.
1373 2598 1551 2646 Comm.
1646 2605 1715 2647 13.
1742 2598 1961 2645 ἔστινᾞ.

315 2665 394 2731 ,1.5
420 2661 620 2733 ΚΜΝ]
635 2664 747 2705 ΚΜ
764 2661 879 2717 Wp
906 2674 1022 2705 corr.
1042 2660 1218 2705 Comm.
1310 2659 1396 2720 τῷ]
1429 2673 1542 2704 corr.
1563 2674 1620 2705 ex
1643 2656 1697 2704 τό
1721 2660 1796 2704 W.
1891 2662 1962 2704 17.

266 2715 327 2762 αὖ
333 2718 410 2778 τή]
443 2716 472 2775 ἡ
501 2717 652 2777 αυτήῖ
748 2725 816 2765 18.
851 2721 989 2779 ΝΜ]
1028 2722 1143 2764 ΗΜ
1167 2720 1267 2776 Wp
1237 2734 1284 2776 Ρ,
1316 2732 1431 2763 corr.
1455 2718 1642 2776 Halley‚
1672 2732 1760 2764 ‘mn
1783 2716 1960 2763 Comm.

324 2783 396 2823 20.
431 2780 541 2838 HZ]
575 2796 619 2837 p,
654 2784 688 2823 Z
720 2780 793 2825 W.
915 2783 985 2823 25.
1019 2779 1176 2837 ΑΡΓ]
1215 2780 1346 2822 ΑΡΟ
1378 2777 1492 2835 Wp,
1525 2792 1640 2823 corr.
1675 2778 1849 2823 Comm.
