2046 3224
81 1242 224 1284 Halley

254 183 491 230 LXXXIV
878 182 1344 226 PROLEGOMENA.

257 303 456 349 aliorum
491 317 598 347 cum
630 299 883 346 schematis
914 301 963 345 et
991 299 1118 346 notis
1141 314 1198 346 ex
1223 299 1407 345 schedis
1432 299 1487 345 D.
1510 297 1636 344 Golii
1657 297 1748 343 viri
1773 298 1958 345 summi.

255 371 375 416 haec
407 384 513 414 cum
551 367 791 413 lemmatis
822 368 987 425 Pappi.
1052 365 1323 412 Translatio
1354 364 1559 411 Arabica
1589 365 1707 410 Beni
1735 364 1872 410 Musa.
1902 379 1960 411 ex
2012 376 2014 378 ·

257 436 361 482 cod.
393 435 516 481 Bibl.
541 434 785 480 Leidensis
818 433 918 492 (qui
949 433 1092 479 etiam
1125 449 1208 479 ms.
1235 433 1443 492 optimae
1473 433 1616 477 notae
1646 432 1697 477 in
1729 431 1958 489 catalogo

256 504 483 548 librorum
516 517 624 548 mss.
658 502 714 547 D.
748 501 874 546 Golii
905 502 990 546 τοῦ
1023 502 1284 559 μακαρίτου
1317 501 1644 558 apographum
1675 501 1765 557 est)
1804 499 1960 543 trans-

258 571 436 627 scripta
458 570 562 616 fuit.
613 567 839 614 Golianus
864 569 1010 613 codex
1034 567 1181 613 etiam
1206 567 1408 624 quatuor
1431 565 1611 624 priores
1629 564 1788 611 Conic.
1813 565 1961 611 libros

259 636 470 693 exhibet,
513 637 635 681 sicut
674 638 723 680 et
761 635 853 680 iste
892 634 943 679 in
973 634 1094 681 Bibl.
1126 632 1423 690 Florentina,
1465 647 1606 690 quem
1635 633 1785 679 latine
1815 630 1962 678 vertit

258 703 312 749 A.
346 702 637 748 Echellensis
667 715 763 747 non
782 695 914 747 adeo
947 702 1160 746 feliciter.

378 772 495 815 haec
526 768 675 827 igitur
698 767 960 814 Bernhardi
991 767 1190 813 consilia
1221 767 1422 812 fuerunt.
1471 780 1610 823 quem
1642 766 1803 810 narret
1833 763 1961 810 codi—

261 851 362 882 cem
383 837 613 882 Graecum
630 835 906 880 Leidensem
925 834 1181 892 Apollonii,
1206 833 1387 890 nesci03
1414 833 1556 878 hodie
1582 830 1741 878 saltim
1764 846 1860 878 non
1883 845 1961 876 ex-

260 905 368 950 stat.
416 904 563 949 codex
586 903 730 960 Regis
758 906 842 947 103
875 902 948 947 est
971 902 1118 946 Paris.
1145 906 1276 958 2357,
1307 900 1359 944 111
1391 900 1554 955 fallor3
1585 914 1697 945 nam
1719 901 1906 956 praeter
1929 912 1960 955 p

259 970 622 1026 Mazarinaeum‚
656 970 715 1014 de
747 983 840 1025 quo
873 969 954 1013 uix
986 968 1186 1026 cogitari
1216 969 1389 1025 potest,
1421 968 1503 1011 ille
1536 967 1663 1011 solus
1687 979 1712 1010 e
1737 963 1963 1010 Parisinis

260 1037 406 1082 etiam
439 1037 664 1082 Serenum
705 1036 936 1091 continet,
986 1049 1125 1092 quem
1164 1035 1461 1079 Bernhardus
1502 1048 1558 1079 ex
1597 1033 1759 1097 eodem
1801 1030 1963 1077 codice

261 1104 406 1162 Regis
435 1106 600 1161 petere
633 1103 789 1148 uoluit
819 1102 1081 1161 (Fabricius
1113 1103 1144 1147 1.
1170 1115 1208 1147 0.
1241 1102 1285 1145 II
1316 1117 1362 1158 p.
1390 1102 1508 1158 568).

379 1171 592 1228 Denique
634 1185 675 1215 a.
711 1174 826 1215 1710
867 1169 1075 1214 Oxoniae
1122 1168 1401 1226 prodierunt
1448 1167 1620 1213 Conica
1658 1165 1834 1211 Graece
1879 1179 1964 1223 per

258 1229 559 1283 Edmundum
596 1237 781 1295 Halley.
830 1237 890 1281 ab
922 1235 1060 1281 initio
1091 1236 1161 1280 ita
1193 1236 1516 1293 comparatum
1547 1235 1715 1290 fuerat,
1746 1233 1801 1277 ut
1823 1231 1966 1289 „-Gre

259 1305 421 1364 gorius
454 1309 657 1362 quatuor
686 1303 866 1361 priores
891 1301 1172 1348 Conicorum
1200 1302 1344 1348 libros
1377 1316 1483 1347 cum
1507 1300 1697 1346 Eutocii
1720 1299 1964 1345 Commen-

259 1373 394 1419 tariis
421 1372 597 1417 Graece
621 1371 885 1427 Latineque
916 1371 1047 1428 prelo
1071 1370 1276 1426 pararet,
1310 1371 1452 1426 atque
1480 1368 1583 1426 ipse
1614 1370 1711 1414 tres
1735 1365 1964 1425 posterio-

260 1455 334 1486 res
375 1454 431 1485 ex
462 1438 667 1484 Arabico
697 1438 749 1482 in
779 1437 1002 1482 Latinum
1035 1450 1297 1482 sermonem
1327 1438 1590 1481 verterem“
1629 1433 1794 1492 (praef.
1826 1449 1871 1491 p.
1905 1435 1965 1491 1).

261 1507 343 1553 sed
374 1507 484 1552 dum
508 1505 591 1550 ille
623 1504 844 1562 „Graecis
869 1504 1143 1549 accurandis
1170 1504 1459 1559 Latinaeque
1491 1501 1697 1548 versioni
1720 1501 1966 1546 0010111311-

261 1573 362 1618 dini
390 1572 695 1630 corrigendae
729 1607 740 1618 .
759 1608 769 1618 .
789 1606 800 1616 .
831 1571 1108 1626 incumbit“‚
1143 1569 1296 1614 subito
1322 1571 1535 1614 mortuus
1560 1571 1646 1626 est,
1681 1570 1730 1614 et
1751 1566 1966 1627 Halleius

260 1641 359 1686 iam
398 1639 524 1685 solus
562 1638 774 1683 laborem
816 1636 984 1682 edendi
1024 1637 1234 1694 suscepit
1273 1635 1437 1693 (praef.
1470 1651 1515 1693 p.
1550 1636 1635 1694 2)..
1681 1634 1731 1679 in
1775 1634 1966 1679 Graecis

262 1706 504 1765 Apollonii
548 1704 849 1750 recensendis
899 1704 988 1760 „ad
1037 1718 1204 1748 manus
1251 1704 1355 1747 erat
1402 1704 1549 1748 codex
1596 1716 1621 1747 e
1668 1701 1967 1746 Bibliotheca

261 1839 396 1885 illinc
427 1854 523 1884 non
561 1838 732 1884 leviter
763 1837 1085 1892 emendatus“,
1131 1837 1258 1882 idem
1298 1835 1502 1893 scilicet,
1552 1849 1692 1893 quem
1732 1833 1968 1893 significat

262 1906 575 1952 Bernhardus.
653 1907 734 1963 „et
771 1905 916 1962 paulo
955 1906 1094 1962 post“
1142 1903 1297 1960 inquit
1336 1902 1566 1959 „accessit
1604 1902 1726 1947 alter
1763 1901 1966 1958 benigne

262 1973 509 2019 nobiscum
547 1987 576 2018 a
612 1986 707 2017 rev.
746 1972 803 2018 D.
835 1971 1057 2029 Baynard
1097 1971 1491 2025 communicatus3
1542 1969 1626 2014 sed
1665 1969 1829 2014 eadem
1868 1968 1966 2014 fere

263 2040 477 2096 utrisque
510 2038 779 2083 communia
819 2040 954 2083 erant
984 2038 1125 2094 vitia,
1173 2038 1340 2095 utpote
1380 2050 1438 2081 ex
1476 2036 1644 2082 eodem
1683 2035 1866 2093 codice,
1913 2035 1968 2080 ut

263 2107 471 2163 videtur,
520 2105 785 2163 descriptis.
863 2106 924 2150 ad
955 2104 1207 2149 Eutocium
1253 2103 1444 2160 quidem
1490 2102 1828 2160 publicandum
1874 2116 1967 2147 non

265 2174 396 2218 aliud
441 2176 681 2230 repertum
730 2174 803 2217 est
843 2172 1084 2229 exemplar
1125 2169 1354 2216 Graecum
1402 2173 1590 2228 praeter
1629 2169 1968 2215 Baroccianum

263 2241 316 2285 in
347 2240 644 2284 Bibliotheca
675 2238 934 2284 Bodleiana
965 2241 1309 2284 adservatum“.
1372 2252 1489 2294 quos
1520 2238 1598 2282 hic
1630 2237 1967 2282 commemorat

267 2307 473 2363 codices,
520 2307 603 2351 ubi
644 2307 848 2361 lateant,
897 2305 1075 2359 nesci03
1125 2306 1174 2349 in
1211 2304 1501 2349 bibliotheca
1538 2303 1797 2349 Bodleiana
1835 2302 1966 2361 equi-

267 2375 372 2418 dem
405 2372 589 2417 nullum
629 2372 842 2417 codicem
872 2372 952 2416 uel
981 2371 1224 2428 Apollonii
1261 2370 1339 2415 uel
1369 2370 1558 2415 Eutocii
1587 2370 1748 2415 inueni
1778 2371 1966 2427 praeter

266 2439 442 2485 Canon.
477 2444 584 2493 106,
626 2437 707 2494 qui
739 2451 861 2482 anno
893 2439 1080 2483 demum
1116 2443 1230 2483 1817
1263 2437 1473 2482 Uenetiis
1504 2451 1559 2482 eo
1590 2437 1819 2494 peruenit.
1882 2435 1966 2482 sed

264 2506 355 2552 hoc
395 2505 586 2562 quidem
624 2506 829 2561 constat,
877 2503 956 2549 uel
988 2503 1220 2549 Sauilium
1258 2503 1338 2548 uel
1366 2503 1605 2548 Halleium
1637 2501 1848 2549 codicem
1879 2504 1963 2547 ha-

265 2573 423 2619 buisse
456 2585 482 2616 0
513 2571 658 2616 Paris,
693 2575 809 2616 2356
843 2571 1156 2629 descriptum3
1194 2584 1306 2615 nam
1344 2568 1600 2629 pleraeque
1638 2569 1966 2616 adnotationes

268 2642 318 2685 et
340 2637 731 2696 interpolationes
754 2639 1031 2695 Montaurei‚
1065 2652 1180 2695 quas
1213 2650 1355 2695 supra
1384 2652 1430 2694 p.
1455 2637 1587 2682 XVII
1603 2652 1670 2695 sq.
1703 2650 1758 2681 ex
1782 2635 1866 2682 illo
1891 2650 1965 2682 co-

268 2706 372 2752 dice
404 2705 575 2763 adtuli,
617 2704 676 2749 ab
708 2704 896 2750 Η311010
927 2708 1145 2762 receptae
1181 2707 1291 2749 sunt
1321 2706 1388 2761 (3,
1421 2709 1471 2763 4,
1503 2709 1546 2760 5,
1580 2710 1621 2760 6,
1656 2710 1695 2760 7,
1728 2708 1770 2759 9,
1805 2708 1873 2759 10,
1909 2707 1962 2748 11

267 2776 317 2819 et
345 2772 556 2829 paullum
588 2772 801 2816 mutatae
835 2776 882 2827 8,
917 2773 1005 2828 13).
1068 2771 1142 2816 his
1175 2771 1451 2816 correcturis
1486 2770 1588 2815 ueri
1620 2769 1774 2815 simile
1805 2771 1878 2815 est
1916 2771 1965 2814 et

268 2839 499 2884 Sauilium
540 2840 589 2884 et
617 2837 854 2883 Halleium
895 2852 1001 2882 suas
1034 2851 1266 2895 quemque
1306 2837 1562 2894 addidisse;
1613 2836 1696 2882 sed
1733 2837 1963 2892 quantum

268 2905 435 2962 cuique
468 2906 707 2963 debeatur,
739 2918 907 2961 parum
939 2905 1151 2949 interest.
1203 2919 1259 2950 ex
1289 2904 1363 2960 iis,
1396 2917 1515 2961 quae
1540 2903 1686 2948 editio
1709 2901 1962 2963 Halleiana
2019 2955 2022 2958 ⁴

267 2972 459 3029 propria
489 2972 655 3028 habet,
696 2985 847 3029 pauca
877 2971 1055 3029 recepi,
1096 2972 1197 3016 ueri
1234 2984 1330 3015 non
1365 2969 1614 3015 dissimilia
1651 2969 1881 3027 quaedam
1913 2969 1963 3014 in
