2046 3256
260 142 370 195 252
732 142 1172 188 COMMENTARIA
1201 144 1483 197 ANTIQUA.

259 261 399 332 τέρω
446 263 549 317 τοῦ
596 268 651 315 Δ
700 263 850 318 ἐστιν
898 258 933 332 ἢ
983 260 1071 317 ἐπὶ
1118 262 1220 317 τοῦ
1259 267 1315 316 Δ
1361 257 1395 332 ἢ
1438 259 1699 334 ἀνωτέρω
1745 265 1847 318 τοῦ
1885 267 1960 333 Δ,

258 349 350 405 καὶ
399 349 493 405 διὰ
541 353 707 406 τοῦτο
755 349 818 406 τὸ
868 355 915 406 Θ
963 349 1170 422 ὁμοίως
1217 348 1366 426 αὐτῷ
1407 361 1554 422 τρεῖς
1593 351 1702 418 ἕξει
1738 351 1962 423 τόπους,

257 438 350 493 καὶ
389 440 746 510 προσεκτέον,
788 437 891 510 ὅτι,
932 445 1039 495 εἴτε
1069 439 1358 510 κατωτέρω
1397 439 1537 511 πέσῃ
1568 438 1632 495 τὸ
1667 445 1712 495 Ζ
1749 448 1852 496 τοῦ
1885 447 1958 512 Δ,

258 527 350 582 καὶ
391 525 454 583 τὸ
487 534 535 583 Θ
572 531 676 584 τοῦ
708 533 761 584 Γ
794 532 948 584 ἔσται
986 530 1295 599 κατωτέρω,
1335 534 1444 584 εἴτε
1481 527 1544 583 τὸ
1578 534 1623 583 Ζ
1663 529 1751 584 ἐπὶ
1786 527 1848 585 τὸ
1885 536 1958 601 Δ,

201 628 226 666 5
259 616 353 672 καὶ
398 615 461 672 τὸ
511 623 558 673 Θ
606 617 693 672 ἐπὶ
740 616 801 674 τὸ
843 622 915 688 Γ,
963 624 1070 673 εἴτε
1117 616 1377 691 ἀνωτέρω
1417 618 1478 673 τὸ
1524 623 1569 672 Ζ
1607 620 1710 674 τοῦ
1748 623 1829 689 Δ,
1867 618 1960 674 καὶ

257 706 318 761 τὸ
366 710 413 760 Θ
450 709 553 762 τοῦ
591 711 645 761 Γ
678 711 830 763 ἔσται
870 704 1146 779 ἀνωτέρω.

914 858 1032 920 Εἰς
1069 854 1140 910 τὸ
1181 853 1294 926 μα’.

378 949 452 1006 Τὸ
495 951 765 1023 θεώρημα
805 953 971 1007 τοῦτο
1014 951 1101 1006 ἐπὶ
1142 950 1244 1022 μὲν
1275 953 1374 1022 τῆς
1404 950 1719 1024 ὑπερβολῆς
1750 954 1962 1007 πτῶσιν

260 1036 361 1095 οὐκ
403 1043 531 1112 ἔχει,
573 1041 660 1096 ἐπὶ
702 1039 765 1096 δὲ
803 1042 900 1111 τῆς
940 1041 1252 1110 ἐλλείψεως,
1293 1041 1391 1095 ἐὰν
1423 1037 1458 1111 ἡ
1491 1040 1840 1112 καταγομένη
1873 1041 1962 1096 ἐπὶ

170 1140 224 1180 10
257 1126 319 1184 τὸ
367 1130 602 1202 κέντρον
650 1133 845 1202 πίπτῃ,
894 1127 960 1185 τὰ
1003 1128 1064 1184 δὲ
1103 1126 1269 1184 λοιπὰ
1310 1129 1536 1200 γένηται
1575 1128 1643 1186 τὰ
1683 1126 1853 1199 αὐτά,
1896 1127 1959 1184 τὸ

258 1214 366 1272 ἀπὸ
416 1221 514 1289 τῆς
559 1218 904 1290 κατηγμένης
952 1215 1102 1283 εἶδος
1141 1224 1267 1274 ἴσον
1309 1221 1462 1273 ἔσται
1500 1220 1576 1293 τῷ
1616 1215 1724 1273 ἀπὸ
1765 1220 1864 1289 τῆς
1902 1219 1961 1274 ἐκ

257 1309 359 1361 τοῦ
398 1308 635 1379 κέντρου
675 1309 827 1362 εἴδει.

369 1398 507 1451 ἔστω
556 1395 665 1465 γὰρ
714 1399 980 1465 ἔλλειψις,
1028 1387 1094 1465 ἧς
1134 1393 1428 1467 διάμετρος
1467 1392 1501 1466 ἡ
1542 1401 1678 1467 ΑΒ,
1725 1395 1960 1468 κέντρον

255 1485 318 1538 τὸ
365 1490 445 1554 Δ,
500 1484 593 1539 καὶ
646 1482 910 1555 κατήχθω
961 1485 1304 1556 τεταγμένως
1349 1481 1383 1554 ἡ
1433 1488 1487 1539 Γ
1491 1491 1570 1555 Δ,
1624 1483 1715 1539 καὶ
1763 1481 1960 1556 ἄναγε-

169 1584 221 1624 15
256 1574 500 1644 γράφθω
549 1570 659 1627 ἀπό
707 1593 764 1628 τε
809 1574 907 1644 τῆς
948 1577 1057 1628 ΓΔ
1103 1572 1196 1628 καὶ
1235 1575 1331 1644 τῆς
1372 1579 1488 1627 ΑΔ
1528 1576 1648 1644 εἴδη
1691 1572 1960 1644 ἰσογώνια

253 1658 319 1714 τὰ
358 1667 493 1732 ΑΖ,
534 1666 682 1732 ΔΗ,
735 1661 897 1732 ἐχέτω
949 1661 1010 1717 δὲ
1053 1659 1087 1733 ἡ
1129 1666 1246 1717 ΔΓ
1277 1660 1419 1735 πρὸς
1458 1666 1579 1716 ΓΗ
1607 1658 1706 1717 τὸν
1748 1666 1959 1732 συγκεί-

253 1771 426 1820 μενον
474 1748 645 1820 λόγον
694 1754 754 1804 ε”κ
800 1772 857 1805 τε
903 1753 1009 1811 τοῦ,
1047 1746 1114 1806 ὃν
1156 1754 1265 1822 ἔχει
1306 1748 1339 1821 ἡ
1381 1757 1500 1805 ΑΔ
1537 1750 1680 1821 πρὸς
1719 1756 1829 1805 ΛΖ
1867 1750 1959 1806 καὶ

256 1841 356 1893 τοῦ
398 1835 465 1893 ὃν
508 1843 617 1910 ἔχει
658 1837 691 1910 ἡ
733 1836 906 1911 ὀρθία
944 1840 1085 1911 πρὸς
1124 1839 1229 1910 τὴν
1267 1843 1524 1910 πλαγίαν.
1986 1827 1993 1834 ⁸

367 1927 528 1997 λέγω,
571 1924 658 1982 ὅτι
698 1925 759 1982 τὸ
799 1933 908 1981 ΛΖ
949 1933 1073 1982 ἴσον
1116 1927 1231 1982 ἐστὶ
1269 1930 1345 2002 τῷ
1390 1933 1526 1982 ΔΗ.

166 2028 223 2067 20
372 2015 487 2070 ἐπεὶ
533 2013 642 2086 γὰρ
691 2016 752 2070 ἐν
799 2018 875 2091 τῷ
925 2017 1072 2092 ῥητῷ
1123 2016 1423 2087 δέδεικται,
1471 2013 1546 2081 ὡς
1593 2013 1654 2072 τὸ
1693 2013 1804 2072 ἀπὸ
1840 2022 1962 2071 ΑΔ

250 2102 388 2175 πρὸς
426 2102 488 2160 τὸ
530 2110 656 2175 ΑΖ,
691 2102 868 2170 οὕτως
899 2102 961 2160 τὸ
997 2102 1108 2160 ὑπὸ
1136 2110 1324 2160 ΑΛΒ
1356 2103 1495 2177 πρὸς
1526 2104 1588 2161 τὸ
1625 2110 1763 2175 ΛΗ,
1796 2109 1959 2176 φημί,

253 2191 337 2248 ὅτι
376 2194 468 2248 καὶ
509 2192 769 2264 ἐναλλάξ,
811 2191 884 2258 ὡς
922 2191 983 2249 τὸ
1027 2191 1139 2248 ἀπὸ
1177 2199 1295 2248 ΑΔ
1334 2193 1473 2266 πρὸς
1511 2192 1574 2249 τὸ
1611 2193 1721 2250 ὑπὸ
1763 2198 1956 2263 ΑΛΒ,

255 2279 432 2347 οὕτως
471 2280 533 2337 τὸ
573 2288 679 2336 ΛΖ
719 2282 859 2354 πρὸς
897 2280 958 2337 τὸ
994 2287 1129 2337 ΔΗ.
1201 2288 1327 2337 ἴσον
1368 2281 1430 2337 δὲ
1469 2283 1530 2337 τὸ
1573 2279 1681 2337 ἀπὸ
1722 2287 1838 2336 ΑΛ
1876 2284 1951 2358 τῷ

254 2368 362 2425 ὑπὸ
406 2376 602 2425 ΑΔΒ·
645 2377 771 2425 ἴσον
814 2369 921 2443 ἄρα
960 2371 1052 2426 καὶ
1090 2369 1153 2426 τὸ
1195 2377 1308 2426 AZ
1346 2373 1421 2446 τῷ
1462 2376 1594 2425 ΔΗ.

162 2529 218 2569 25
920 2522 1035 2584 Εἰς
1073 2519 1141 2573 τὸ
1185 2517 1298 2590 μβ’.

373 2614 447 2668 Τὸ
490 2612 759 2684 θεώρημα
799 2617 964 2669 τοῦτο
1007 2618 1117 2686 ἔχει
1155 2614 1390 2680 πτώσεις
1428 2619 1511 2684 za,
1559 2618 1693 2685 μίαν
1733 2613 1858 2686 μὲν,
1902 2618 1958 2670 ει’

253 2703 502 2771 ἐσωτέρω
544 2700 884 2774 λαμβάνοιτο
925 2702 987 2758 τὸ
1021 2709 1077 2757 Δ
1114 2707 1216 2759 τοῦ
1250 2708 1315 2758 Γ·
1368 2706 1544 2774 δῆλον
1581 2702 1707 2775 γάρ,
1749 2702 1835 2759 ὅτι
1865 2702 1957 2758 καὶ

376 2827 414 2864 6.
454 2818 697 2879 ἀνωτέρω]
741 2834 856 2865 corr.
892 2833 949 2864 ex
990 2817 1198 2877 ἇνοτέρω
1232 2822 1305 2867 W.
1462 2826 1530 2866 10.
1574 2821 1741 2879 πίπτῃ,
1781 2818 1867 2879 τά]
1907 2820 1956 2863 in

256 2892 342 2923 ras.
375 2878 450 2923 W.
617 2885 685 2924 13.
727 2879 1005 2938 διάμετρος]
1048 2894 1162 2926 corr.
1205 2894 1260 2924 ex
1300 2877 1552 2937 διάμετρον
1593 2881 1677 2935 W,
1717 2892 1868 2935 comp.
1908 2894 1954 2936 p.

316 2934 510 2997 κέντρον
546 2936 600 2983 δέ
642 2939 824 2995 Halley.
983 2945 1049 2984 16.
1094 2942 1205 2997 ΔΗ,
1233 2942 1314 2983 ΑΖ
1347 2939 1522 2985 Comm.
1680 2943 1746 2984 18.
1790 2934 1866 2997 ὅν]
1906 2937 1955 2982 in
