2046 3256
253 152 365 205 228
728 149 1166 194 οοΜΜΕΝΤΑΒῙΑ
1195 149 1478 202 ANTIQUA.

253 268 500 326 δυνατὸν
539 269 601 326 δὲ
641 266 825 340 αὐτὴν
867 271 1293 338 συλλογίζεσθαι
1327 264 1402 322 δι’
1440 263 1628 323 αὐτῶν
1659 268 1773 323 τῶν
1812 269 1956 340 εἰρη-

253 360 439 431 μένων
473 361 533 415 ἐν
565 362 640 434 τῷ
673 359 1141 432 πεντεκαιδεκάτῳ
1174 354 1513 429 θεωρήματι.
1576 355 1692 412 ἐπεὶ
1716 355 1843 428 γάρ,
1883 353 1958 422 ὡς

254 450 370 504 ἐκεῖ
398 448 694 518 δέδεικται,
727 449 789 502 αἱ
819 446 907 502 ε’πὶ
937 443 1042 517 τὴν
1068 450 1184 500 ΔΕ
1210 443 1579 517 καταγόμεναι
1610 445 1956 518 παράλληλοι

254 539 320 610 τῇ
340 542 447 592 AB
471 536 744 592 δύνανται
761 534 827 592 τὰ
851 539 1228 608 παρακείμενα
1251 532 1400 606 παρὰ
1426 532 1529 606 τὴν
1545 537 1740 607 τρίτην
1762 531 1957 599 αὐταῖς

197 638 223 677 5
257 623 540 696 ἀνάλογον
565 626 888 697 γινομένην,
919 625 1171 680 τουτέστι
1194 622 1297 695 τὴν
1322 629 1452 694 ΖΔ,
1481 627 1651 695 ἔστιν,
1688 620 1763 689 ὡς
1784 620 1819 695 ἡ
1844 628 1961 678 ΔΕ

253 714 393 787 πρὸς
429 714 533 787 τὴν
572 720 700 784 ΑΒ,
739 712 773 785 ἡ
815 719 924 768 ΑΒ
965 712 1103 786 πρὸς
1143 719 1273 768 ΔΖ·
1322 710 1463 768 ὥστε
1502 712 1640 785 μέση
1673 708 1957 782 ἀνάλογόν

256 803 409 859 ἐστιν
442 801 555 875 ἡΑ
565 810 611 859 Β
643 806 756 859 τῶν
787 809 920 874 ΕΔ,
948 810 1002 857 Δ
1014 808 1072 858 Ζ.
1133 803 1225 857 καὶ
1259 803 1352 858 διὰ
1385 805 1552 858 τοῦτο
1592 801 1684 856 καὶ
1716 803 1778 857 αἱ
1796 822 1956 857 κατα-

254 891 492 963 γόμεναι
526 892 612 947 ἐπὶ
644 890 748 964 τὴν
774 898 882 947 AB
914 892 1261 965 παράλληλοι
1285 893 1352 965 τῇ
1381 899 1434 947 Δ
1444 897 1497 946 Ε
1525 890 1869 962 δυνήσονται
1893 892 1959 946 τὰ

255 981 405 1052 παρὰ
438 981 540 1051 τὴν
569 984 762 1052 τρίτην
796 978 1080 1052 ἀνάλογον
1113 984 1489 1052 παρακείμενα
1521 982 1635 1035 τῶν
1668 986 1800 1051 ΔΕ,
1830 985 1957 1051 ΑΒ,

172 1083 229 1122 10
260 1069 510 1125 τουτέστι
549 1066 653 1140 τὴν
690 1075 823 1124 AN.
888 1068 982 1125 διὰ
1024 1068 1093 1141 δὴ
1126 1072 1291 1125 τοῦτο
1324 1070 1462 1141 μέση
1495 1068 1781 1140 ἀνάλογον
1812 1073 1958 1140 γίνε-

254 1178 345 1213 ται
377 1155 411 1228 ἡ
447 1163 563 1213 ΔΕ
592 1159 824 1232 δευτέρα
857 1160 1150 1231 διάμετρος
1180 1161 1294 1214 τῶν
1326 1165 1455 1229 ΒΑ,
1487 1164 1614 1213 AN
1637 1168 1738 1214 τοῦ
1772 1161 1959 1224 εἴδους

255 1249 530 1318 πλευρῶν.

370 1338 461 1390 δεῖ
513 1335 574 1391 δὲ
622 1336 832 1392 εἰδέναι
880 1336 972 1391 καὶ
1019 1338 1184 1392 τοῦτο
1235 1335 1328 1391 διὰ
1376 1334 1440 1392 τὸ
1489 1333 1798 1408 εὔχρηστον
1842 1339 1956 1391 τῶν

256 1427 653 1496 καταγραφῶν·
702 1426 817 1480 ἐπεὶ
860 1426 968 1496 γὰρ
1010 1423 1207 1480 ἄνισοί
1240 1429 1384 1481 εἰσιν
1424 1428 1488 1480 αἱ
1520 1431 1645 1498 AB,
1686 1430 1804 1480 ΛΕ
1839 1424 1958 1480 διά-

171 1527 226 1566 15
259 1532 471 1584 μετροι·
514 1515 575 1570 ἐν
615 1514 771 1589 μόνῳ
813 1513 919 1587 γὰρ
959 1523 1035 1589 τῷ
1068 1516 1251 1590 κύκλῳ
1286 1522 1400 1571 ἴσαι
1434 1519 1597 1571 εἰσίν·
1639 1517 1832 1586 δῆλον,
1873 1511 1958 1570 ὅτι

255 1602 290 1673 ἡ
349 1601 451 1674 μὲν
513 1602 651 1676 πρὸς
710 1602 890 1676 ὀρθὰς

257 1689 504 1763 ἀγομένη
534 1695 600 1765 τῇ
628 1691 889 1748 ἐλάσσονι

259 1778 446 1835 αὐτῶν
480 1777 554 1845 ὡς
579 1782 828 1837 ἐνταῦθα
853 1779 887 1853 ἡ

259 1875 370 1923 ΔΖ
422 1867 517 1924 ἅτε
557 1874 710 1941 τρίτη
761 1869 889 1925 ἀνά·
945 1896 990 1937 A

169 1971 227 2010 20
258 1964 432 2028 λογον
461 1950 601 2013 οὖσα
625 1962 740 2014 τῶν
758 1966 813 2013 Δ
823 1965 888 2030 Ε,

258 2051 369 2101 ΑΒ
394 2050 594 2117 μείζων
620 2047 771 2102 ἐστὶν
793 2045 884 2118 ἆμ-

261 2145 415 2206 φοῖν,
455 2131 490 2204 ἡ
532 2134 593 2191 δὲ
631 2134 771 2207 πρὸς
802 2133 889 2208 ὀρ·
1129 2174 1133 2175 ⁷

260 2224 372 2287 θὰς
395 2221 641 2294 ἀγομένη
666 2228 732 2297 τῇ
757 2229 965 2295 μείζονι
991 2225 1065 2294 ὦς
1089 2229 1339 2284 ἐνταῦθα
1362 2226 1468 2300 ἡΛ
1477 2235 1543 2284 Ν
1561 2228 1654 2285 διὰ
1678 2227 1740 2286 τὸ
1766 2235 1958 2302 τρίτην

262 2308 546 2381 ἀνάλογον
588 2310 733 2368 εἶναι
771 2317 887 2370 τῶν
923 2322 978 2370 Α
989 2322 1052 2386 Β,
1087 2324 1142 2371 Δ
1153 2323 1205 2372 Ε
1241 2316 1492 2373 ἐλάσσων
1532 2319 1682 2374 ἐστὶν
1723 2315 1958 2390 ἀμφοῖν·

173 2413 230 2452 25
265 2396 404 2454 ὥστε
435 2401 528 2454 καὶ
554 2405 798 2473 συνεχῶς
822 2401 965 2460 εἶναι
989 2403 1087 2471 τὰς
1114 2406 1384 2478 τέσσαρας
1409 2404 1714 2478 ἀνάλογον·
1755 2404 1830 2473 ὡς
1852 2406 1957 2478 γὰρ

263 2485 297 2558 ἡ
325 2494 450 2542 AN
474 2487 613 2560 πρὸς
646 2497 783 2562 ΛΕ,
823 2489 1006 2562 ἡΔΕ
1033 2493 1172 2564 πρὸς
1203 2500 1313 2549 ΑΒ
1345 2494 1437 2549 καὶ
1468 2492 1502 2565 ἡ
1529 2500 1636 2550 AB
1669 2494 1958 2568 πρὸῖςΔΖ.

934 2615 1050 2677 Εἰς
1088 2610 1162 2667 τὸ
1205 2610 1290 2678 ιζ’.

366 2692 428 2748 Ὁ
458 2694 559 2767 μὲν
591 2694 899 2768 Εὐκλείδης
935 2701 996 2755 έν
1027 2709 1103 2776 τῷ
1138 2699 1605 2771 πεντεκαιδεκάτῳ
1636 2699 1959 2773 θεωρήματι

264 2786 366 2838 τοῦ
413 2788 605 2852 τρίτου
652 2790 873 2856 βιβλίου
919 2791 1015 2858 τῆς
1062 2787 1457 2860 στοιχειώσεως
1504 2790 1735 2859 ἔδειξεν,
1791 2787 1875 2844 ὅτι
1923 2787 1956 2859 ἡ

385 2892 425 2932 5.
459 2889 699 2934 τουτέστιν
736 2887 804 2934 W.
898 2888 1005 2951 τήν]
1039 2893 1115 2948 τῆι
1146 2891 1223 2948 W,
1254 2891 1310 2947 τῆ
1342 2907 1388 2948 p,
1422 2905 1536 2936 corr.
1571 2891 1754 2949 Halley.
1849 2892 1956 2950 ZA]

268 2950 309 2988 Δ
344 2959 367 2990 e
400 2960 514 2992 corr.
548 2963 591 3006 p.
746 2953 786 2994 8.
819 2950 928 3008 ΑΒ]
963 2956 998 2994 Α
1032 2964 1055 2994 e
1091 2964 1205 2996 corr.
1238 2949 1287 2994 in
1320 2950 1457 2998 scrib.
1492 2949 1565 2995 W.
1721 2954 1788 2996 10.
1823 2967 1955 2996 τουτ-
