2046 3256
244 161 316 215 70
902 163 1183 208 ΚΩΝΙΚΩΝ
1214 163 1280 210 δ’.

351 284 404 336 εἰ
447 278 553 352 γὰρ
604 280 875 353 δυνατόν,
924 283 1280 354 συμβαλλέτω
1328 282 1465 340 κατὰ
1505 282 1573 339 τὰ
1613 290 1694 356 Δ,
1728 290 1800 356 Ε,
1846 284 1942 341 καὶ
2012 295 2014 298 ’

241 370 661 440 ἐπεζεύχθωσαν
702 371 764 425 αἱ
799 376 935 442 ΑΒ,
969 377 1093 427 ΔΕ.

354 457 477 528 ἤτοι
518 456 587 530 δὴ
627 458 985 532 παράλληλοί
1018 463 1161 517 εἰσιν
1199 457 1234 532 ἢ
1277 460 1362 517 οὔ.

353 549 604 603 ἔστωσαν
649 548 926 622 πρότερον
972 549 1344 623 παράλληλοι,
1398 551 1491 608 καὶ
1535 549 1940 623 τετμήσθωσαν

178 646 205 687 5
238 637 301 690 αἰ
343 642 478 708 ΑΒ,
518 642 636 692 ΔΕ
688 640 816 709 δίχα
865 639 1004 694 κατὰ
1050 637 1118 695 τὰ
1162 644 1245 710 Η,
1284 646 1356 712 Θ,
1403 640 1497 697 καὶ
1544 639 1854 713 ἐπεζεύχθω
1901 637 1937 712 ἡ

235 728 372 779 ΗΘ·
425 724 721 798 διάμετρος
765 723 875 798 ἄρα
924 727 1039 783 ε’στὶ
1085 735 1281 784 πασῶν
1326 730 1441 785 τῶν
1487 731 1677 801 τομῶν
1723 729 1818 784 καὶ
1854 750 1939 785 τε-
2027 760 2033 774 ³

235 813 523 885 ταγμένως
569 812 653 870 ἐπ’
706 811 882 887 αὐτὴν
924 817 1263 888 κατηγμέναι
1302 819 1363 873 αἰ
1399 823 1531 890 ΑΒ,
1573 823 1698 873 ΔΕ.
1775 817 1936 889 ἤχθω

232 1683 301 1757 δὴ
342 1681 449 1740 ἀπὸ
488 1685 590 1739 τοῦ
629 1688 683 1739 Γ
713 1682 862 1757 παροέ
901 1684 1005 1755 τὴν
1046 1689 1153 1739 ΑΒ
1194 1682 1228 1756 ἡ
1260 1686 1504 1748 ΓΝΞΟ·
1545 1689 1698 1743 ἔσται
1737 1686 1808 1759 δὴ
1839 1687 1933 1743 καὶ
2034 1669 2038 1703 ³

231 1771 370 1845 αὐτὴ
424 1773 768 1845 τεταγμένως
822 1773 910 1829 ἐπὶ
962 1770 1065 1844 τὴν
1121 1772 1423 1847 διάμετρον
1476 1775 1790 1848 κατηγμένη
1837 1777 1931 1833 καὶ

146 1880 200 1921 10
234 1872 590 1933 συμπεσεῖται
635 1872 756 1927 ταῖς
793 1871 987 1933 τομαῖς
1024 1858 1144 1918 κατ’
1195 1862 1334 1918 ἄλλο
1373 1863 1466 1919 καὶ
1506 1862 1657 1920 ἄλλο.
1734 1868 1786 1920 εἰ
1821 1864 1930 1938 γὰρ

229 1949 366 2007 κατὰ
404 1949 467 2006 τὸ
510 1947 674 2021 αὐτό,
724 1946 908 2006 οὐκέτι
946 1951 1084 2007 κατὰ
1125 1944 1270 2023 τρία
1293 1952 1740 2025 συμβάλλουσιν,
1789 1951 1931 2009 ἀλλὰ

228 2040 483 2112 τέσσαρα.
548 2042 701 2094 ἔσται
743 2039 813 2110 δὴ
855 2040 916 2094 ἐν
956 2038 1060 2110 μὲν
1098 2042 1165 2112 τῇ
1206 2045 1390 2095 ΑΜΒ
1429 2044 1569 2114 τομῇ
1610 2047 1702 2113 ἴση
1741 2038 1777 2114 ἡ
1819 2045 1934 2097 ΓΝ

229 2131 295 2202 τῇ
336 2128 473 2199 ΝΞ,
524 2128 586 2184 ἐν
635 2126 697 2182 δὲ
742 2129 807 2200 τῇ
856 2133 1028 2182 ΑΛΒ
1067 2125 1101 2199 ἡ
1142 2133 1263 2183 ΓΝ
1297 2131 1363 2202 τῇ
1402 2134 1531 2185 ΝΟ.
1608 2129 1701 2185 καὶ
1739 2126 1775 2201 ἡ
1817 2135 1938 2186 ΟΝ

230 2214 338 2286 ἄρα
376 2219 440 2289 τῇ
482 2217 597 2278 ΝΞ
634 2217 785 2271 ἐστιν
826 2222 941 2286 ἴση·
982 2214 1117 2290 ὅπερ
1157 2213 1459 2274 ἀδύνατον.

141 2337 195 2378 15
340 2320 408 2391 μθ
458 2323 706 2376 ἔστωσαν
747 2317 816 2390 δὴ
855 2318 1203 2392 παράλληλοι
1241 2323 1304 2376 αἱ
1338 2327 1466 2392 ΑΒ,
1507 2327 1638 2391 ΛΕ,
1677 2318 1798 2377 ἀλλ’
1844 2322 1928 2377 ἑκ-

228 2407 569 2479 βαλλόμεναι
625 2409 1084 2479 συμπιπτέτωσαν
1136 2409 1274 2464 κατὰ
1328 2411 1392 2466 τὸ
1445 2416 1531 2481 Π,
1585 2409 1679 2465 καὶ
1731 2407 1766 2482 ἡ
1822 2414 1928 2466 ΓΟ

227 2495 387 2568 ἤχθω
435 2493 585 2568 παρὰ
629 2495 734 2567 τὴν
774 2503 827 2551 Α
836 2503 900 2552 Π
938 2498 1031 2553 καὶ
1080 2496 1427 2570 συμπιπτέτω
1467 2500 1533 2571 τῇ
1575 2503 1704 2553 ΛΠ
1734 2498 1927 2570 ἐκβλη-

229 2590 394 2659 θείσῃ
434 2582 572 2641 κατὰ
611 2585 673 2640 τὸ
709 2591 769 2655 Ρ,
801 2586 894 2641 καὶ
931 2586 1337 2658 τετμήσθωσαν
1377 2588 1439 2642 αἱ
1474 2593 1604 2658 ΑΒ,
1644 2593 1763 2642 ΔΕ
1798 2589 1926 2659 δίχα

228 2671 365 2729 κατὰ
405 2672 473 2729 τὰ
511 2678 586 2744 Η,
619 2678 684 2743 Θ,
722 2673 811 2728 καὶ
856 2672 949 2729 διὰ
989 2679 1215 2744 τῶν-Η,
1246 2680 1293 2729 Θ
1332 2676 1616 2749 διάμετροι
1654 2676 1925 2746 ἤχθωσαν

349 2899 390 2940 5.
416 2892 493 2953 αῖ]
518 2911 565 2953 p,
597 2909 688 2941 om.
706 2895 761 2939 V.
869 2899 936 2940 13.
966 2896 1091 2954 ΟΝ]
1120 2897 1265 2940 ΟΝΡ
1286 2894 1349 2951 V;
1383 2907 1499 2940 corr.
1518 2895 1714 2950 Comm.;
1750 2896 1852 2940 ΝΟ
1875 2910 1922 2952 p.

294 2957 362 2998 19.
396 2954 541 3013 κατά]
575 2970 620 3012 p,
654 2953 734 2998 καὶ
766 2953 888 2999 κατά
921 2953 977 2999 V.
