2046 3256
0 0 83 134 ff

365 165 537 207 PAPPI
566 166 860 208 LEMMATA
889 167 955 210 IN
988 167 1179 213 como,
1213 168 1327 211 LIB.
1359 168 1519 211 I—IV.
1679 167 1783 219 163

11 263 37 340 ’ξ
101 287 225 336 ἴσον
259 282 409 337 ἐστὶν
439 284 516 357 τῷ
548 279 654 336 ὑπὸ
683 287 860 338 ΔΓΑ.
908 289 999 354 ἴση
1034 282 1143 354 ἄρα
1176 284 1324 339 ἐστὶν
1356 281 1389 354 ἡ
1418 289 1472 338 A
1483 288 1534 339 Γ
1557 285 1623 356 τῇ
1650 290 1703 338 Δ
1714 290 1758 338 Β
1770 302 1782 315 ·

19 383 23 443 ss
102 367 234 442 ὅπερ
275 373 387 426 ἔδει
427 371 611 436 δεῖξαι.

212 501 292 558 θ’.
338 501 517 559 ’Ἑστω
564 503 626 558 τὸ
673 503 782 558 ὑπὸ
823 507 986 558 ΑΓΒ
1041 502 1174 575 μετὰ
1219 507 1319 560 τοῦ
1359 502 1467 560 ἀπὸ
1506 509 1607 559 ΓΔ
1658 511 1782 560 ἴσον

20 603 31 657 ξ,
101 593 176 665 τῷ
217 588 324 646 ἀπὸ
358 596 469 645 ΔΒ
508 590 855 665 τετραγώνῳ·
898 590 984 646 ὅτι
1024 598 1114 662 ἴση
1157 592 1305 647 ἐστὶν
1345 590 1377 662 ἡ
1411 599 1520 646 ΑΔ
1557 595 1622 664 τῇ
1658 598 1780 647 ΔΒ.

20 665 31 755 ξ

525 697 561 737 Α
676 698 721 738 Γ
904 698 946 783 A
1177 697 1218 738 Ε
1303 699 1337 738 Β

207 816 414 867 κείσθω
453 816 520 885 τῇ
552 818 653 868 ΓΔ
693 819 783 883 ἴση
824 811 857 883 ἡ
892 819 1024 868 ΔΕ·
1063 811 1126 868 τὸ
1166 811 1275 885 ἄρα
1306 811 1412 868 ὑπὸ
1447 817 1611 867 ΓΒΕ
1647 811 1780 884 μετὰ
1843 825 1868 864 5

96 903 196 956 τοῦ
235 899 343 956 ἀπὸ
385 907 522 970 ΔΕ,
575 901 860 956 τουτέστιν
906 903 1010 956 τοῦ
1055 897 1163 956 ἀπὸ
1205 904 1332 969 ΓΔ,
1387 906 1510 955 ἴσον
1556 903 1631 975 τῷ
1673 898 1772 956 ἀπὲ

99 994 207 1043 ΔΒ
249 991 421 1058 [Eucl.
452 990 521 1055 II,
562 992 646 1058 6],
702 987 989 1044 τουτέστιν
1036 997 1109 1063 τῷ
1157 986 1264 1043 ὑπὸ
1307 992 1464 1042 ΒΓΑ
1510 986 1642 1058 μετὰ
1679 991 1782 1043 τοῦ

97 1073 203 1131 ἀπὸ
238 1081 361 1131 ΓΔ·
403 1074 542 1132 ὥστε
571 1079 634 1131 τὸ
666 1073 775 1131 ὑπὸ
810 1082 973 1131 ΓΒΕ
1010 1083 1135 1131 ἴσον
1169 1075 1319 1131 ἐστὶν
1349 1078 1423 1150 τῷ
1457 1073 1566 1130 ὑπὸ
1601 1080 1780 1130 ΒΓΑ·

97 1171 189 1235 ἴση
227 1165 336 1238 ἄρα
376 1164 525 1219 ἐστὶν
556 1162 589 1236 ἡ
624 1170 738 1219 ΑΓ
768 1173 833 1237 τῇ
868 1170 987 1219 ΕΒ.
1049 1161 1187 1219 ἀλλὰ
1217 1163 1308 1218 καὶ
1341 1160 1373 1234 ἡ
1409 1168 1512 1218 ΓΔ
1548 1171 1613 1235 τῇ
1647 1169 1779 1218 ΔΕ·

97 1249 196 1323 ὅλη
236 1251 344 1324 ἄρα
383 1250 417 1323 ἡ
458 1258 575 1306 ΑΔ
613 1251 712 1324 ὅλῃ
746 1256 811 1324 τῇ
855 1258 962 1307 ΔΒ
1003 1259 1093 1323 ἴση
1136 1253 1301 1307 ἐστίν.
1814 1265 1868 1303 10

207 1383 264 1439 ι’.
310 1384 491 1440 ’Ἑστω
538 1383 705 1439 πάλιν
748 1383 810 1440 τὸ
849 1381 958 1439 ὑπὸ
999 1389 1164 1439 ΒΑΓ
1210 1383 1343 1455 μετὰ
1379 1386 1479 1438 τοῦ
1519 1381 1625 1438 ἀπὸ
1668 1389 1778 1437 AB

96 1477 220 1527 ἴσον
258 1480 333 1548 τῷ
376 1471 484 1527 ἀπὸ
527 1478 656 1526 ΑΔ·
699 1470 783 1527 ὅτι
823 1478 913 1542 ἴση
955 1471 1104 1527 ἐστὶν
1144 1468 1177 1541 ἡ
1219 1475 1320 1525 ΓΛ
1357 1472 1423 1542 τῇ
1461 1477 1585 1527 ΔΒ.

538 1578 578 1618 Ε
720 1580 756 1618 Α
962 1577 1005 1617 Γ
1105 1577 1146 1617 Λ
1290 1577 1325 1617 Β

981 1632 1127 1662 1--1

551 1635 554 1663 Ι
738 1634 741 1663 l
1309 1632 1313 1661 Ι

206 1696 414 1747 κείσθω
454 1696 519 1765 τῇ
555 1699 665 1748 ΔΒ
706 1701 795 1764 ἴση
836 1690 870 1762 ἡ
903 1698 1030 1746 ΑΕ.
1090 1690 1205 1746 ἐπεὶ
1246 1683 1350 1745 οὖν
1387 1688 1449 1745 τὸ
1485 1687 1590 1745 ὑπὸ
1622 1696 1788 1745 ΒΑΓ

94 1777 226 1849 μετὰ
264 1784 364 1836 τοῦ
404 1777 511 1836 ἀπὸ
546 1787 674 1851 AB,
714 1779 997 1835 τουτέστιν
1028 1787 1129 1834 τοῦ
1160 1777 1267 1832 ἀπὸ
1301 1784 1428 1847 EA,
1470 1784 1596 1832 ἴσον
1628 1778 1785 1852 ἐστὶν,

92 1870 165 1941 τῷ
214 1865 320 1923 ἀπὸ
364 1875 479 1923 ΑΔ
526 1867 877 1943 τετραγώνῳ,
931 1865 1127 1922 κοινὸν
1180 1863 1495 1938 ἀφῃρήσθω
1550 1864 1612 1920 τὸ
1666 1863 1774 1920 ὑπὸ
1812 1879 1865 1919 15

94 1961 284 2011 ΔΑΓ·
326 1955 525 2012 λοιπὸν
556 1956 663 2029 ἄρα
693 1956 755 2012 τὸ
789 1953 897 2011 ὑπὸ
923 1960 1046 2025 ΒΔ,
1072 1959 1184 2009 ΑΓ
1212 1955 1475 2023 [Euc1.II,
1505 1957 1583 2023 1],
1623 1975 1775 2009 τουτ-

94 2042 243 2098 έστιν
287 2042 350 2099 τὸ
398 2042 507 2099 ὑπὸ
548 2049 736 2113 ΕΑΓ,
791 2041 925 2114 μετὰ
973 2045 1075 2097 τοῦ
1115 2040 1220 2097 ἀπὸ
1263 2047 1398 2111 EA,
1456 2039 1486 2095 ὅ
1526 2042 1675 2096 ἐστιν
1712 2040 1775 2097 τὸ

91 2127 199 2185 ὑπὸ
247 2135 414 2186 ΓΕΑ
469 2135 643 2201 [Eucl.
683 2134 755 2203 II,
794 2135 880 2199 3],
944 2137 1068 2185 ἴσον
1125 2129 1273 2184 ἐστὶν
1326 2131 1401 2200 τῷ
1458 2125 1565 2183 ὑπὸ
1614 2133 1784 2183 ΑΛΓ

94 2221 264 2288 [Eucl.
289 2221 358 2288 II,
383 2223 454 2288 2].
520 2227 610 2290 ἴση
645 2218 751 2291 ἄρα
785 2219 1074 2288 [Euel.VI‚
1102 2219 1194 2287 163
1226 2217 1292 2287 V,
1320 2219 1410 2286 183
1443 2217 1508 2286 V,
1534 2219 1587 2284 9]
1625 2217 1774 2270 ἐστὶν

41 2331 47 2338 ·
90 2304 124 2377 ἡ
167 2313 291 2377 EA,
330 2308 611 2363 τουτέστιν
650 2305 684 2378 ἡ
725 2313 848 2376 ΒΔ,
885 2308 951 2378 τῇ
992 2309 1116 2359 ΛΓ.
1799 2319 1856 2357 20

203 2422 297 2478 ια’.
360 2422 577 2479 Εὐθεῖα
616 2421 650 2494 ἡ
691 2430 824 2493 AB,
872 2419 960 2492 ἐφ’
997 2414 1062 2492 ἧς
1098 2425 1134 2491 ᾗ)
1178 2430 1377 2491 σημεῖα
1415 2418 1480 2474 τὰ
1523 2425 1584 2491 Γ,
1619 2426 1690 2490 Δ,
1724 2426 1775 2474 Ε

93 2507 292 2580 οὕτως,
350 2509 488 2566 ὥστε
535 2519 663 2582 ἴσην
708 2511 808 2582 μὲν
857 2509 1001 2566 εἶναι
1038 2507 1142 2579 τὴν
1180 2514 1288 2563 ΒΕ
1322 2510 1386 2579 τῇ
1427 2512 1553 2577 ΕΓ,
1607 2506 1669 2562 τὸ
1710 2507 1772 2562 δὲ

91 2594 200 2653 ὑπὸ
239 2605 415 2653 ΑΕΔ
452 2602 525 2673 τῷ
566 2597 674 2654 ἀπὸ
715 2604 846 2654 ΕΓ·
904 2596 986 2653 ὅτι
1026 2600 1260 2667 γίνεται,
1310 2593 1383 2660 ὡς
1420 2593 1453 2665 ἡ
1495 2601 1597 2649 ΒΑ
1635 2598 1771 2666 πρὸς

92 2690 215 2755 ΑΓ,
258 2684 433 2751 οὕτως
470 2684 503 2758 ἡ
543 2692 649 2740 ΒΔ
687 2690 824 2759 πρὸς
865 2689 987 2740 ΔΓ.

209 2879 250 2919 2.
283 2871 399 2932 ὅπερ
425 2873 523 2920 ἔδει
549 2877 721 2934 δεῖξαι]
749 2892 773 2920 ο
806 2875 938 2920 codd.
1040 2878 1078 2917 7.
1112 2871 1253 2929 ΒΓΑ]
1287 2873 1429 2914 ΕΑΓ
1458 2870 1602 2925 codd„
1635 2875 1766 2914 ΑΓΒ

93 2931 292 2978 Hultsch
323 2947 428 2978 cum
458 2933 656 2980 Halleio.
790 2940 829 2979 8.
864 2932 1006 2991 ΒΓΑ]
1038 2934 1169 2975 ΑΓΒ
1202 2929 1399 2974 Hultsch
1432 2942 1536 2972 cum
1566 2928 1764 2974 Halleio.

1412 3002 1502 3044 11*
1667 3011 1677 3019 '
