2046 3256
250 130 361 184 244
728 134 1167 178 COMMENTARIA
1197 135 1477 189 ANTIQUA,

251 252 632 324 στρέψαντι]
699 250 785 306 ἐπὶ
849 250 951 323 μὲν
1016 245 1121 309 οὗν
1182 256 1281 326 τῆς
1343 255 1637 322 ἐλλείψεως
1690 256 1949 328 ἐροῦμεν·

250 340 440 412 ἐπειδή
481 342 656 411 ἐστιν,
706 337 782 406 ὡς
819 340 882 396 τὸ
920 339 1030 397 ὑπὸ
1069 348 1234 397 ΑΖΒ
1273 341 1412 415 πρὸς
1449 343 1512 399 τὸ
1554 342 1663 401 ἀπὸ
1703 350 1840 415 ΛΖ,
1884 345 1945 401 τὸ

249 427 358 485 ὑπὸ
399 435 575 484 ΑΗΒ
614 428 754 501 πρὸς
791 428 854 486 τὸ
896 428 1004 486 ἀπὸ
1038 436 1170 502 ΗΕ,
1211 429 1285 498 ὥς
1326 431 1388 487 δὲ
1426 431 1488 488 τὸ
1531 431 1639 489 ἀπὸ
1674 440 1784 489 ΛΖ
1815 433 1953 507 πρὸς

248 517 312 574 τὸ
355 517 463 574 ἀπὸ
507 523 622 590 ΖΓ,
660 517 722 574 τὸ
766 516 875 575 ἀπὸ
917 526 1042 575 ΕΗ
1071 519 1210 593 πρὸς
1248 519 1310 576 τὸ
1352 521 1460 577 ἀπὸ
1503 527 1639 592 ΗΓ,
1685 520 1760 579 δι’
1805 530 1951 595 ἴσου,

191 618 217 657 5
252 605 327 673 ὡς
378 606 440 663 τὸ
496 605 607 664 ὑπὸ
657 614 823 663 ΑΖΒ
869 607 1008 680 πρὸς
1054 607 1116 665 τὸ
1165 608 1272 666 ἀπὸ
1326 616 1451 682 ΖΓ,
1506 612 1568 667 τὸ
1617 609 1726 668 ὑπὸ
1773 618 1950 669 ΑΗΒ

248 697 389 768 πρὸς
433 695 497 752 τὸ
545 694 655 752 ἀπὸ
704 702 836 752 ΗΓ·
885 700 1180 770 συνθέντι,
1230 696 1304 765 ὡς
1349 698 1411 755 τὸ
1459 697 1570 756 ὑπὸ
1613 707 1777 757 ΑΖΒ
1816 700 1949 773 μετὰ

248 787 350 841 τοῦ
398 783 508 842 ἀπὸ
552 790 661 840 ΖΓ
700 784 838 858 πρὸς
876 786 939 842 τὸ
981 785 1091 843 ἀπὸ
1134 793 1263 859 ΖΓ,
1306 789 1556 844 τουτέστι
1595 788 1658 845 τὸ
1699 788 1808 845 ἀπὸ
1853 795 1964 847 ΑΓ

248 872 387 947 πρὸς
431 876 495 931 τὸ
542 872 650 930 ἀπὸ
700 881 821 930 ΓΖ·
877 873 912 947 ἡ
966 875 1074 948 γὰρ
1125 883 1232 932 ΑΒ
1279 879 1537 949 τέτμηται
1585 882 1663 944 εἰς
1709 878 1812 950 μὲν
1859 885 1953 935 ἴσα

247 962 387 1019 κατὰ
433 962 497 1019 τὸ
545 969 615 1034 Γ,
665 967 743 1030 εἰς
790 964 852 1020 δὲ
900 965 1070 1020 ἄνισα
1117 963 1255 1021 κατὰ
1295 965 1356 1022 τὸ
1400 973 1466 1022 Ζ·
1515 968 1690 1033 οὕτως
1726 969 1789 1024 τὸ
1840 965 1948 1024 ἀπὸ

163 1063 217 1103 10
251 1057 353 1108 ΓΒ
402 1052 540 1125 πρὸς
583 1051 646 1108 τὸ
697 1051 805 1109 ἀπὸ
850 1058 980 1108 ΓΗ·
1027 1055 1120 1109 καὶ
1168 1054 1428 1126 ἐναλλάξ,
1481 1055 1555 1121 ὥς
1595 1057 1657 1112 τὸ
1696 1056 1805 1112 ἀπὸ
1848 1062 1961 1112 ΑΓ

246 1140 386 1214 πρὸς
422 1140 486 1198 τὸ
527 1140 635 1197 ἀπὸ
678 1146 799 1213 ΓΒ,
838 1140 900 1198 τὸ
942 1139 1051 1199 ἀπὸ
1095 1148 1205 1198 ΖΓ
1235 1147 1373 1217 πρὸς
1411 1142 1473 1200 τὸ
1516 1142 1625 1200 ἀπὸ
1668 1149 1793 1200 ΓΗ.
1863 1145 1951 1200 ἐπὶ

249 1229 311 1286 δὲ
357 1234 470 1286 τῶν
519 1228 943 1305 ἀντικειμένων·
1002 1234 1123 1288 ἐπεί
1166 1236 1344 1304 ἐστιν,
1397 1231 1471 1299 ὡς
1516 1233 1578 1289 τὸ
1628 1231 1741 1291 ὑπὸ
1787 1240 1954 1290 ΒΖΑ

246 1318 387 1392 πρὸς
431 1317 493 1375 τὸ
543 1317 652 1375 ἀπὸ
702 1325 827 1391 ΖΓ,
874 1319 938 1376 τὸ
984 1318 1094 1377 ὑπὸ
1140 1327 1317 1377 ΑΗΒ
1364 1323 1506 1395 πρὸς
1551 1323 1613 1379 τὸ
1660 1319 1768 1379 ἀπὸ
1821 1328 1950 1394 ΓΗ,

249 1408 394 1465 διότι
435 1406 510 1463 δι’
545 1416 691 1480 ἴσου,
732 1408 1032 1481 ἀνάπαλιν,
1074 1408 1150 1476 ὡς
1180 1409 1243 1466 τὸ
1278 1408 1388 1466 ἀπὸ
1422 1416 1534 1466 ΖΓ
1563 1419 1703 1483 πρὸς
1741 1411 1803 1468 τὸ
1838 1409 1949 1468 ὑπὸ

165 1509 219 1548 15
253 1504 435 1568 BZA,
473 1496 537 1554 τὸ
577 1496 683 1553 ἀπὸ
724 1503 839 1554 ΓΗ
875 1500 1016 1571 πρὸς
1045 1500 1107 1554 τὸ
1141 1496 1249 1555 ὑπὸ
1285 1504 1480 1554 ΑΗΒ·
1519 1496 1949 1573 ἀναστρέψαντι,

250 1586 325 1653 ὡς
370 1586 432 1642 τὸ
481 1585 589 1642 ἀπο
633 1592 742 1642 ΖΓ
779 1589 922 1659 πρὸς
965 1587 1028 1643 τὸ
1078 1587 1186 1643 ἀπὸ
1227 1593 1360 1658 ΓΑ,
1405 1587 1468 1643 τὸ
1512 1586 1620 1644 ἀπὸ
1659 1594 1781 1644 ΗΓ
1811 1587 1953 1662 πρὸς

250 1674 310 1732 τὸ
352 1674 460 1731 ἀπὸ
501 1679 625 1730 ΓΒ·
667 1675 866 1731 εὐθεῖα
902 1675 1008 1747 γάρ
1041 1699 1125 1742 τις
1154 1673 1189 1747 ἡ
1220 1682 1330 1731 ΑΒ
1361 1677 1621 1748 τέτμηται
1655 1679 1782 1748 δίχα
1811 1679 1950 1734 κατὰ

249 1764 311 1820 τὸ
350 1770 420 1835 Γ,
467 1764 559 1819 καὶ
606 1764 928 1837 πρόσκειται
976 1762 1010 1836 ἡ
1052 1771 1182 1835 ΖΑ,
1222 1765 1315 1820 καὶ
1354 1763 1417 1820 τὸ
1458 1762 1567 1820 ὑπὸ
1608 1770 1776 1820 ΒΖΑ
1813 1764 1950 1837 μετὰ

247 1857 350 1909 τοῦ
389 1852 499 1909 ἀπὸ
530 1859 646 1909 ΑΓ
680 1861 805 1909 ἴσον
846 1854 960 1909 ἐστὶ
999 1856 1074 1927 τῷ
1117 1851 1224 1908 ἀπὸ
1261 1858 1380 1923 ΓΖ,
1422 1851 1562 1909 ὥστε
1599 1852 1662 1909 τὸ
1703 1851 1813 1910 ἀπὸ
1847 1860 1948 1910 ΓΖ

161 1953 218 1993 20
249 1946 352 1999 τοῦ
392 1940 500 1998 ὑπὸ
543 1948 589 1996 Β
603 1948 709 1997 ΖΑ
747 1940 1001 2013 ὑπερέχει
1039 1945 1114 2017 τῷ
1156 1940 1263 1997 ἀπὸ
1305 1947 1430 2012 ΑΓ,
1468 1942 1559 1997 καὶ
1591 1946 1773 2009 καλῶς
1808 1950 1950 2016 εἴρη-

247 2054 337 2087 ται
377 2030 439 2087 τὸ
483 2029 907 2104 ἀναστρέψαντι.

913 2196 1027 2258 Εἰς
1065 2193 1134 2248 τὸ
1177 2192 1284 2249 λα’.

361 2297 676 2353 Αιελόντι
715 2295 784 2352 τὸ
826 2295 948 2353 ἀπὸ
991 2302 1093 2352 ΓΒ
1133 2295 1292 2368 πρὸς
1330 2296 1399 2352 τὸ
1441 2295 1566 2352 ὑπὸ
1604 2303 1782 2353 ΑΗΒ
1813 2302 1948 2369 μεί-

252 2393 405 2453 ζονα
452 2385 654 2457 λόγον
705 2390 836 2457 ἔχει
882 2384 1042 2458 ἤπερ
1093 2384 1161 2441 τὸ
1204 2384 1326 2441 ἀπὸ
1371 2391 1472 2441 ΓΒ
1512 2385 1673 2458 πρὸς
1711 2385 1781 2441 τὸ
1821 2384 1946 2442 ὑπὸ

159 2485 216 2527 25
249 2480 439 2543 ΑΘΒ]
488 2475 604 2529 ἐπεὶ
643 2474 750 2546 γὰρ
791 2473 985 2531 εὐθεῖα
1025 2473 1058 2548 ἡ
1097 2480 1203 2530 ΑΒ
1242 2475 1498 2546 τέτμηται
1539 2478 1666 2546 δίχα
1704 2473 1842 2530 κατὰ
1880 2476 1944 2531 τὸ

250 2569 320 2634 Γ,
366 2563 459 2619 καὶ
504 2563 823 2635 πρόσκειται
873 2563 1012 2637 αὐτῇ
1061 2562 1095 2634 ἡ
1143 2568 1274 2633 ΒΗ,
1323 2562 1386 2618 τὸ
1433 2561 1543 2618 ὑπὸ
1591 2568 1765 2618 ΑΗΒ
1812 2565 1947 2636 μετὰ

249 2656 351 2708 τοῦ
392 2650 499 2707 ἀπὸ
533 2656 634 2707 ΓΒ
677 2658 800 2707 ἴσον
841 2653 955 2707 ἐστὶ
994 2655 1068 2727 τῷ
1110 2651 1219 2707 ἀπὸ
1251 2656 1384 2706 ΓΗ·
1426 2650 1565 2707 ὥστε
1596 2650 1659 2707 τὸ
1691 2649 1798 2708 ἀπὸ
1835 2657 1949 2707 ΓΗ

250 2744 352 2796 τοῦ
405 2739 513 2796 ὑπὸ
559 2746 733 2795 ΑΗΒ
788 2739 1039 2813 ὑπερέχει
1092 2744 1167 2816 τῷ
1225 2738 1331 2795 ἀπὸ
1381 2744 1498 2797 ΓΒ.
1584 2739 1678 2795 διὰ
1728 2739 1790 2796 δὲ
1843 2738 1946 2811 τὴν

369 2879 410 2918 2.
455 2877 541 2918 ZA
572 2890 618 2932 p.
763 2878 803 2919 3.
843 2875 965 2917 Ante
998 2878 1084 2917 AZ
1116 2888 1203 2918 ras.
1240 2878 1262 2918 1
1296 2872 1388 2918 litt.
1423 2888 1466 2930 p.
1623 2878 1662 2917 7.
1707 2875 1797 2916 ΖΓ
1818 2873 1943 2931 (pr.)]

249 2934 298 2977 in
330 2948 417 2978 ras.
452 2934 526 2978 W.
663 2931 901 2978 τουτέστιν
934 2933 1007 2977 W.
1147 2938 1187 2978 9.
1221 2929 1342 2977 οὕτω
1376 2947 1420 2989 p.
1561 2935 1629 2976 10.
1663 2934 1756 2975 ΑΓ
1782 2957 1838 2964 -
1873 2936 1941 2977 11.
