2046 3256
775 155 1152 200 FRAGMENTA
1706 149 1810 201 105

130 277 269 334 νέτω
321 274 423 347 τὴν
477 279 650 329 ΚΘΛ
701 274 838 328 κατὰ
894 271 954 327 τὸ
1009 277 1078 342 Θ,
1133 271 1225 326 καὶ
1281 268 1699 341 ἐπεζεύχθωσαν
1754 269 1815 320 αἱ

132 371 268 435 ΘΑ,
292 370 421 433 ΘΒ,
447 368 562 419 ΘΓ.
636 359 1216 435 παραλληλόγραμμον
1255 358 1363 431 ἄρα
1404 357 1552 413 ἐστὶν
1591 355 1651 411 τὸ
1693 359 1811 425 ΒΓ,

1190 447 1482 519 διάμετρος
1529 444 1590 500 δὲ
1637 442 1811 499 αὐτοῦ

1187 534 1220 606 ἡ
1280 541 1409 590 ΘΑ.
1522 533 1810 603 τετμήσθω

1189 627 1315 695 δίχα
1369 620 1403 693 ἡ
1458 627 1558 676 ΘΑ
1612 623 1687 694 τῷ
1742 620 1811 688 Ξ,

1188 711 1280 766 καὶ
1305 711 1511 785 κέντρῳ
1544 713 1620 786 τῷ
1651 710 1701 772 Ξ
1727 734 1813 782 γε-

1188 798 1433 870 γράφθω
1461 797 1662 865 κύκλος
1692 802 1813 871 τέμ-

1191 977 1554 1046 ἐκβληθείσας
1584 974 1721 1030 κατὰ
1745 978 1812 1031 τὰ

1191 1070 1270 1133 Δ,
1312 1070 1387 1134 Ε,
1439 1061 1577 1118 ὥστε
1625 1065 1813 1135 μέντοι

1190 1150 1256 1207 τὰ
1290 1157 1362 1222 Δ,
1389 1157 1442 1205 Ε
1478 1149 1561 1206 ἐπ’
1591 1150 1816 1217 εὐθείας

1191 1237 1337 1295 εἶναι
1367 1247 1443 1315 τῷ
1479 1245 1546 1294 Θ·
1581 1240 1714 1312 ὅπερ
1745 1237 1814 1295 ἂν

22 1330 31 1351 ²
96 1330 346 1400 ’γένοιτο
402 1333 671 1385 κανονίου
727 1330 1063 1401 κινουμένου
1117 1329 1241 1399 περὶ
1294 1327 1356 1383 τὸ
1412 1334 1459 1382 Θ
1517 1329 1816 1397 τέμνοντος

14 1456 35 1480 „4
130 1416 226 1484 τὰς
272 1423 410 1487 ΑΔ,
443 1423 555 1472 ΑΕ
603 1416 695 1471 καὶ
740 1418 1132 1488 παραγομένου
1179 1417 1266 1471 ἐπὶ
1316 1418 1614 1485 τοσοῦτον,
1661 1414 1817 1486 ἄχρις

131 1502 200 1560 ἂν
241 1508 302 1560 αἱ
337 1503 445 1560 ἀπὸ
486 1508 587 1560 τοῦ
626 1506 676 1567 Ξ
712 1504 798 1559 ε’πὶ
837 1503 902 1558 τὰ
943 1511 1016 1575 Δ,
1043 1511 1095 1560 Ε
1131 1511 1245 1559 ἴσαι
1283 1506 1568 1574 γένωνται.

244 1611 294 1663 9.
333 1611 563 1664 Ioannes
602 1609 937 1678 Philoponus
978 1610 1035 1662 in
1073 1609 1288 1679 Analyt.
1321 1612 1462 1678 post.
1493 1609 1520 1661 I
1549 1628 1600 1677 p.
1634 1608 1706 1660 24
1738 1608 1817 1662 ed.

132 1698 253 1752 Ald.
297 1698 461 1752 1534:

248 1786 361 1839 Τοῦ
408 1784 596 1854 μέντοι
636 1781 1015 1838 Ἀπολλωνίου
1060 1785 1162 1839 τοῦ
1209 1786 1496 1855 Περγαίου
1544 1782 1693 1837 ἐστὶν
1741 1787 1817 1847 εἰς

130 1876 292 1927 τοῦτο
327 1870 625 1942 ἀπόδειξις,
659 1866 1101 1944 ὡς’Παρμενίων
1135 1875 1327 1942 φησίν,
1358 1867 1428 1941 ἣν
1461 1870 1553 1925 καὶ
1585 1869 1814 1941 ἐκθήσο-

131 1980 231 2030 μεν
267 1958 511 2031 ’έχουσαν
551 1959 752 2024 οὕτως·

244 2047 347 2102 δύο
375 2051 653 2104 δοθεισῶν
680 2048 920 2121 εὐθειῶν
948 2046 1160 2103 ἀνίσων
1187 2046 1289 2102 δύο
1316 2047 1482 2117 μέσας
1506 2044 1817 2117 ἀναλόγους

133 2131 336 2206 εὑρεῖν.

244 2226 490 2279 ἔστωσαν
546 2223 608 2279 δὲ
662 2227 724 2279 αἱ
775 2227 1032 2279 δοθεῖσαι
1087 2223 1190 2279 δύο
1248 2221 1466 2278 εὐθεῖαι
1520 2220 1708 2277 ἄνισοι
1760 2226 1822 2277 αἱ

132 2316 259 2381 ΑΒ,
285 2315 395 2365 ΒΓ
415 2312 508 2366 καὶ
538 2316 878 2382 κείσθωσαν,
916 2312 1054 2367 ὥστε
1087 2309 1269 2383 ὀρθὴν
1299 2315 1513 2381 γωνίαν
1545 2310 1815 2381 περιέχειν

130 2398 235 2468 τὴν
265 2395 372 2454 ὑπὸ
400 2405 581 2470 ΑΒΓ,
612 2400 704 2455 καὶ
729 2398 1225 2472 συμπεπληρώσθω
1249 2397 1310 2453 τὸ
1338 2405 1449 2453 BA
1472 2397 1815 2469 παραλληλό-

132 2506 406 2556 γραμμον,
444 2488 537 2542 καὶ
577 2487 871 2559 διάμετρος
909 2484 1083 2542 αὐτοῦ
1122 2484 1280 2557 ἤχθω
1321 2484 1354 2556 ἡ
1398 2490 1521 2555 ΑΓ,
1560 2486 1651 2540 καὶ
1691 2487 1814 2557 περὶ

131 2571 193 2627 τὸ
234 2578 398 2628 ΑΓΔ
443 2578 718 2646 τρίγωνον
756 2573 1062 2645 γεγράφθω
1101 2571 1430 2645 ἡμικύκλιον
1468 2572 1530 2629 τὸ
1572 2578 1815 2642 ΑΔΕΓ,

132 2660 224 2715 καὶ
264 2661 729 2732 ἐκβεβλήσθωσαν
768 2664 828 2716 αἱ
865 2667 974 2716 ΒΑ
1012 2662 1103 2716 καὶ
1142 2666 1252 2716 ΒΓ
1285 2659 1373 2716 ἐπ’
1418 2658 1641 2724 εὐθείας
1679 2660 1814 2714 κατὰ

131 2748 197 2802 τὰ
247 2754 317 2817 Ζ,
350 2753 430 2818 Η,
479 2750 571 2804 καὶ
618 2748 925 2820 ἐπεζεύχθω
973 2747 1007 2819 ἡ
1047 2754 1164 2804 ΖΗ
1204 2747 1298 2803 διὰ
1343 2751 1444 2803 τοῦ
1483 2753 1538 2800 Δ
1586 2752 1816 2817 σημείου

251 2871 321 2909 23.
356 2864 428 2924 δέ]
463 2865 553 2922 δήῗ
691 2871 760 2910 27.
794 2862 1079 2923 ἡμικύκλους
1111 2866 1181 2910 ed.
1215 2864 1319 2908 Ald.
1444 2868 1513 2908 29.
1550 2860 1814 2920 ἕπιζεύχθω

75 2974 78 2976 ,
135 2922 204 2967 ed.
237 2923 342 2967 Ald.

1190 909 1306 942 νων
1369 887 1466 951 τὰς
1527 894 1665 958 ΑΒ,
1705 894 1822 943 ΑΓ

1874 636 1900 675 5

1848 1078 1902 1118 10

1851 1517 1903 1556 15

1846 1972 1903 2011 20

1848 2410 1904 2449 25
