2020 3236
176 1193 230 1233 10

175 1636 230 1676 15

175 2077 233 2118 20

261 138 371 191 302
733 138 1172 183 COMMENTARIA
1201 137 1484 191 ANTIQUA.

260 259 635 330 καταγραφῆς.
713 257 965 329 φανερὸν
1007 249 1139 326 οὖν,
1189 253 1275 312 ὅτι
1315 259 1516 327 μείζων
1558 253 1710 312 ἐστὶν
1746 252 1780 326 ἡ
1820 252 1963 327 πρὸς
2012 240 2020 270 ²²

261 348 337 419 τῷ
380 350 425 400 Ζ
463 348 641 416 γωνία
679 349 777 417 τῆς
815 343 923 401 ὑπὸ
965 349 1153 401 ΘΑΗ.

374 433 463 489 ἐπὶ
502 434 565 489 δὲ
602 437 700 506 τῆς
737 433 794 505 γ’
835 439 1035 506 μείζων
1075 434 1226 490 ἐστὶν
1265 431 1299 505 ἡ
1340 430 1449 489 ὑπὸ
1486 438 1652 489 ΖΘΑ
1687 436 1786 504 τῆς
1815 429 1956 504 πρὸς

260 525 336 597 τῷ
377 531 449 592 Α,
487 525 588 578 καί
621 524 772 579 ἐστιν
813 529 904 594 ἴση
945 522 979 594 ἡ
1022 522 1163 595 πρὸς
1201 525 1275 598 τῷ
1318 527 1364 576 Ζ
1402 524 1468 595 τῇ
1507 525 1645 595 πρὸς
1681 530 1755 596 τῷ
1797 526 1858 578 Θ.

375 611 463 667 ἐπὶ
511 610 572 667 δὲ
621 615 718 683 τῆς
757 612 813 667 δ’
851 611 885 683 ἡ
926 610 1066 668 κατὰ
1097 609 1357 684 κορυφὴν
1395 615 1492 683 τῆς
1529 609 1667 667 κατὰ
1705 609 1965 681 κορυφή-ν

263 701 378 756 ἐστι
416 704 632 772 μείζων.

376 787 479 845 οὐκ
513 787 766 845 ἐλάσσων
798 787 908 861 ἄρα
941 789 1091 845 ἐστὶν
1116 786 1150 861 ἡ
1175 787 1316 863 πρὸς
1339 792 1414 864 τῷ
1442 795 1486 844 Ζ
1510 792 1609 860 τῆς
1630 787 1771 859 πρὸς
1793 789 1868 864 τῷ
1896 793 1963 842 Α.

916 984 1036 1047 Εἰς
1073 979 1144 1037 τὸ
1183 980 1298 1052 κγ’.

380 1086 461 1141 Τὸ
522 1084 592 1141 δὲ
638 1082 762 1140 ὑπὸ
813 1089 997 1140 ΘΜΕ
1039 1086 1196 1156 μετὰ
1242 1087 1358 1140 τοῦ
1406 1081 1528 1140 ὑπὸ
1580 1089 1759 1139 ΘΚΕ
1803 1089 1959 1138 ἴσον

264 1174 401 1230 ἐστὶ
438 1176 521 1249 τῷ
561 1170 688 1228 ὑπὸ
722 1178 918 1228 ΛΜΚ
955 1172 1064 1228 διὰ
1094 1170 1165 1229 τὸ
1198 1170 1309 1239 τὰς
1340 1172 1543 1244 ἄκρας
1576 1178 1721 1236 ἴσας
1751 1168 1958 1240 εἶναι]

263 1266 401 1319 ἔστω
450 1260 646 1318 εὐθεῖα
692 1259 727 1333 ἡ
767 1267 905 1332 ΛΚ,
952 1262 1045 1317 καὶ
1091 1265 1230 1318 ἔστω
1278 1258 1313 1333 ἡ
1353 1267 1461 1316 ΛΘ
1509 1267 1599 1332 ἴση
1646 1265 1714 1332 τῇ
1755 1265 1883 1330 ΕΚ,
1923 1259 1958 1332 ἡ

263 1350 326 1407 δὲ
357 1356 479 1407 ΘΝ
503 1358 595 1422 ἴση
626 1359 693 1424 τῇ
726 1357 867 1420 ΕΜ,
905 1351 996 1406 καὶ
1030 1349 1298 1422 ἤχθωσαν
1338 1346 1445 1406 ἀπὸ
1479 1353 1591 1405 τῶν
1622 1355 1705 1420 ΖΜ,
1738 1355 1796 1405 Κ
1821 1348 1963 1422 πρὸς

264 1438 802 1512 ὀρθὰςαίΜΞ,ΚΟ,
1068 1504 1121 1544 E
1186 1505 1246 1543 W
1371 1505 1412 1545 Σ
1596 1505 1647 1544 N
1726 1504 1761 1546 θ
2016 1494 2020 1495 ⁷

1910 1532 1951 1572 A

262 1529 354 1584 καὶ
370 1534 580 1585 κείσθω
598 1532 663 1600 τῇ
682 1533 808 1583 MK
876 1536 922 1574 K
1166 1529 1188 1544 ⁴

395 1615 428 1689 ἡ
741 1616 803 1672 δὲ
919 1559 1904 1725 11-

263 1703 801 1778 ΚΕὴΚΟ,καὶσυμ-
878 1707 907 1747 0

263 1794 649 1868 πεπληρώσθω
736 1792 804 1850 τὰ
1144 1822 1185 1858 Ξ
1197 1726 1939 1859 --Α

263 1885 390 1954 ΞΘ,
438 1889 548 1939 ΘΑ
600 1887 804 1953 παραλ-
1705 1845 1754 1883 P

264 1970 645 2043 ληλόγραμμα.
738 1970 854 2026 ἐπεὶ
909 1962 1013 2025 οὖν
1069 1974 1161 2038 ἴση
1218 1967 1370 2023 ἐστὶν
1425 1963 1459 2038 ἡ
1514 1972 1647 2023 MK
1703 1969 1770 2039 τῇ
1817 1967 1958 2036 ΜΞ,

264 2060 513 2116 τουτέστι
552 2063 617 2133 τῇ
658 2064 790 2129 ΠΟ,
831 2062 946 2114 ἔστι
986 2057 1049 2113 δὲ
1085 2057 1179 2112 καὶ
1217 2054 1251 2127 ἡ
1285 2062 1337 2111 Λ
1349 2060 1396 2111 Θ
1432 2059 1498 2128 τῇ
1540 2060 1669 2126 ΕΚ,
1707 2055 1956 2111 τουτέστι

262 2158 327 2222 τῇ
354 2154 484 2221 ΚΟ,
517 2155 642 2204 ἴσον
675 2149 783 2221 ἄρα
814 2147 876 2203 τὸ
902 2152 1012 2202 ΘΑ
1042 2144 1117 2222 τῷ
1144 2150 1280 2200 ΜΟ.
1488 2141 1492 2144 ⁴

382 2317 422 2357 3.
457 2309 561 2370 ἐπί]
597 2307 708 2355 ἐπεί
731 2309 848 2366 Wp,
880 2322 996 2354 corr.
1022 2307 1196 2352 Comm.
1304 2305 1373 2364 γ’]
1406 2310 1465 2362 Ξῖ
1489 2306 1604 2362 Wp,
1636 2319 1750 2351 corr.
1777 2303 1955 2350 Comm.

261 2377 362 2428 —4.
397 2372 459 2428 τῷ
481 2371 606 2429 (pr.)]
642 2385 688 2426 Ρ,
721 2368 775 2413 τό
802 2368 874 2413 W.
998 2367 1060 2440 Θ]
1092 2371 1127 2410 A
1162 2365 1277 2422 Wp,
1309 2379 1423 2410 corr.
1448 2364 1631 2421 Halley.
1753 2369 1794 2408 5.
1827 2360 1876 2408 δ’
1901 2359 1952 2421 ἡ]

262 2434 320 2487 δη
354 2431 468 2486 Wp,
502 2443 617 2474 corr.
650 2428 823 2472 Comm.
947 2432 988 2471 6.
1024 2440 1150 2470 εστιν
1181 2424 1255 2468 W.
1390 2429 1428 2470 7.
1463 2420 1691 2482 ἐλάσσων]
1725 2435 1873 2480 comp.
1906 2437 1953 2480 Ρ,

263 2489 460 2534 ἔλασσον
485 2489 559 2533 W.
654 2493 695 2532 8.
730 2486 796 2537 εἰς
819 2483 871 2531 τὸ
897 2485 999 2544 κγ’]
1027 2499 1114 2530 om.
1135 2484 1247 2541 Wp.
1353 2488 1419 2527 10.
1454 2480 1579 2528 ἐστίν
1604 2481 1679 2527 W.
1770 2481 1951 2539 ΛΜΚ]

260 2553 363 2594 ΛΜ
387 2551 445 2604 (Α
470 2562 494 2592 e
522 2561 636 2592 corr.
661 2548 710 2603 p)
737 2547 823 2589 καί
842 2546 955 2602 Wp,
991 2558 1107 2589 corr.
1127 2543 1302 2588 Comm.
1420 2547 1488 2587 13.
1521 2541 1651 2600 ΜΞ]
1676 2555 1721 2598 Ρ,
1753 2542 1857 2589 ΝΞ
1877 2540 1952 2584 W.

319 2607 432 2665 ΚΟ]
468 2621 555 2651 om.
589 2606 672 2661 W,
711 2606 804 2649 ΚΘ
835 2619 887 2660 p,
930 2617 1046 2648 corr.
1080 2602 1256 2647 Comm.
1410 2604 1478 2646 16.
1512 2601 1626 2659 KO]
1659 2615 1711 2658 p,
1751 2601 1845 2644 ΚΘ
1876 2598 1951 2643 W.

324 2672 392 2711 19.
426 2666 523 2724 ἴση]
561 2681 611 2721 ·η
638 2678 663 2709 e
689 2677 804 2708 corr.
829 2678 889 2706 m.
919 2667 941 2706 1
968 2661 1043 2706 W.
1165 2664 1236 2704 20.
1269 2658 1506 2704 τουτέστιν
1531 2661 1604 2704 W.
1728 2657 1853 2703 ἔστιν
1876 2657 1951 2701 W.

323 2726 431 2784 καί]
477 2737 608 2770 euan.
643 2739 687 2779 p.
809 2719 1048 2766 τουτέστιν
1080 2719 1154 2764 W.
1282 2723 1353 2763 21.
1392 2719 1505 2777 ΚΟ]
1547 2721 1640 2763 ΚΕ
1671 2718 1795 2776 Wp,
1834 2730 1951 2763 corr.

263 2784 438 2829 Comm.
544 2787 602 2827 M
608 2783 668 2840 Ο]
701 2782 807 2827 ΜΘ
831 2780 894 2823 W
918 2783 980 2836 et,
1012 2780 1065 2823 ut
1087 2778 1290 2833 uidetur,
1322 2793 1375 2834 p;
1409 2792 1524 2822 corr.
1545 2777 1720 2822 Comm.

380 2932 433 2975 In
465 2931 541 2988 fig.
574 2943 659 2987 pro
693 2931 744 2973 N
771 2927 880 2973 hab.
913 2929 972 2982 H,
1006 2939 1089 2983 pro
1121 2930 1157 2969 A
1189 2937 1300 2969 uero
1333 2925 1441 2980 AG)
1473 2923 1548 2968 W.
