2034 3216
139 1074 194 1114 10

139 1605 192 1646 15

137 2049 194 2089 20

139 2490 196 2530 25

225 145 295 198 48
891 146 1168 190 ΚΩΝΙΚΩΝ
1200 143 1263 189 δ’.

338 266 648 337 ἐπεζεύχθω
697 261 732 335 ἡ
775 269 884 319 ΑΒ
929 264 1023 319 καὶ
1071 266 1199 335 δίχα
1244 262 1537 335 τετμήσθω
1583 261 1720 320 κατὰ
1757 261 1819 319 τὸ
1862 269 1924 333 Ζ,

223 354 315 409 καὶ
370 352 530 426 ἤχθω
578 351 612 424 ἡ
661 358 784 410 ΛΖ.
862 346 982 409 ἐπεὶ
1026 345 1133 408 οὗν
1181 352 1285 408 δύο
1333 352 1579 424 γραμμαὶ
1626 354 1689 407 αἱ
1730 357 1925 422 ΑΗΒ,

223 448 407 498 ΑΜΒ
471 441 815 514 ἐφάπτονται
869 438 1032 512 ἀλλή-
1698 468 1752 516 Α

223 538 339 587 λων
389 529 528 587 κατὰ
577 529 681 586 δύο
729 531 798 585 τὰ
847 538 926 601 A,
966 537 1032 601 Β,

226 619 295 676 οὐ
320 618 744 692 συμβάλλουσιν
768 617 1035 691 ἀλλήλαις

222 706 354 764 καθ’
400 710 610 780 ἕτερον·
668 706 808 764 ὥστε
845 705 881 779 ἡ
925 714 1034 763 ΛΖ
1801 709 1846 752 Ζ

223 799 488 870 ἑκατέραν
535 800 650 852 τῶν
689 799 877 868 τομῶν
915 798 1033 868 τέμ-

223 907 323 942 νει.
355 887 596 957 τεμνέτω
619 883 841 941 κατὰτὰ
860 891 1031 956 Η,Μ·
1082 942 1139 988 Λ
1161 829 1910 995 ΛΒ

225 978 375 1030 ἔσται
417 975 486 1044 δὴ
530 974 623 1029 διὰ
657 974 760 1046 μὲν
790 975 895 1046 τὴν
929 975 1034 1030 ἐτέ-

226 1084 333 1133 ραν
371 1061 550 1134 τομὴν
589 1060 623 1133 ἡ
665 1069 794 1118 ΛΗ
829 1066 897 1135 τῇ
934 1069 1048 1119 ΗΖ
1094 1072 1212 1135 ἴση,
1270 1063 1363 1120 διὰ
1412 1065 1473 1121 δὲ
1511 1064 1616 1137 τὴν
1657 1065 1851 1137 ἑτέραν
1890 1062 1924 1135 ἡ

225 1156 360 1206 ΛΜ
381 1159 447 1223 τῇ
482 1157 602 1206 ΜΖ
635 1157 753 1221 ἴση·
794 1149 928 1222 ὅπερ
961 1150 1261 1208 ἀδύνατον.
1341 1154 1442 1209 οὐκ
1482 1151 1591 1224 ἄρα
1633 1154 1923 1225 παραβολὴ

228 1244 552 1311 παραβολῆς
592 1240 868 1311 ἐφάψεται
905 1240 1045 1295 κατὰ
1085 1246 1316 1297 πλείονα
1358 1252 1557 1313 σημεῖα
1596 1237 1629 1312 ἢ
1673 1243 1750 1297 ἕν.

1022 1402 1131 1459 λα’.

336 1506 644 1576 Παραβολὴ
669 1502 982 1576 ὑπερβολῆς
1008 1504 1110 1560 οὐκ
1135 1507 1405 1576 ἐφάψεται
1429 1508 1566 1562 κατὰ
1594 1506 1700 1563 δύο
1727 1518 1926 1580 σημεῖα

226 1594 380 1659 ἐκτὸς
419 1592 589 1663 αὐτῆς
627 1597 918 1649 πίπτουσα.

338 1686 475 1737 ἔστω
508 1680 797 1753 παραβολὴ
830 1682 933 1753 μὲν
966 1681 1000 1753 ἡ
1031 1689 1224 1752 ΑΗΒ,
1257 1683 1537 1756 ὑπερβολὴ
1571 1683 1633 1739 δὲ
1663 1682 1698 1756 ἡ
1724 1691 1925 1757 ΑΜΒ,

223 1771 317 1825 καὶ
372 1774 422 1825 εἰ
477 1769 750 1840 δυνατόν,
808 1771 1251 1842 ἐφαπτέσθωσαν
1306 1770 1445 1828 κατὰ
1491 1771 1557 1827 τὰ
1603 1780 1657 1828 Α
1667 1816 1682 1843 ,
1714 1779 1787 1845 Β,
1833 1774 1925 1830 καὶ

225 1860 496 1931 ’ἤχθωσαν
553 1857 661 1914 ἀπὸ
718 1862 830 1914 τῶν
881 1867 958 1930 Α,
991 1866 1039 1914 Β
1088 1859 1463 1931 ἐφαπτόμεναι
1511 1861 1769 1933 ἑκατέρας
1812 1866 1926 1918 τῶν
2003 1866 2010 1876 ’

226 1957 303 2018 A,
336 1955 383 2003 Β
429 1951 618 2018 τομῶν
669 1952 1079 2019 συμπίπτουσαι
1126 1948 1391 2019 ἀλλήλαις
1431 1948 1570 2005 κατὰ
1608 1949 1671 2005 τὸ
1710 1956 1787 2021 Λ,
1833 1951 1926 2006 καὶ

227 2036 535 2109 ἐπεζεύχθω
576 2033 611 2106 ἡ
652 2043 761 2092 ΑΒ
801 2037 894 2092 καὶ
930 2037 1224 2108 τετμήσθω
1266 2039 1394 2108 δίχα
1431 2037 1569 2093 κατὰ
1609 2036 1672 2094 τὸ
1714 2044 1787 2109 Ζ,
1833 2039 1925 2094 καὶ

226 2124 536 2197 ἐπεζεύχθω
577 2123 611 2196 ἡ
653 2131 705 2179 Λ
716 2131 774 2180 Ζ.

337 2215 453 2269 ἐπεὶ
508 2206 611 2269 οὗν
668 2217 730 2268 αἱ
774 2220 975 2285 ΑΗΒ,
1016 2220 1200 2270 ΑΜΒ
1251 2214 1415 2285 τομαὶ
1461 2214 1598 2270 κατὰ
1645 2214 1714 2270 τὰ
1759 2222 1837 2286 Α,
1878 2220 1925 2270 Β

227 2301 594 2371 ἐφάπτονται,
641 2300 763 2358 κατ’
816 2301 952 2358 ἄλλο
998 2302 1066 2358 οὐ
1107 2302 1549 2374 συμβάλλουσιν·
1596 2302 1630 2373 ἡ
1671 2301 1780 2374 ἄρα
1818 2309 1870 2359 Λ
1882 2309 1926 2358 Ζ

224 2388 346 2444 κατ’
391 2388 528 2444 ἄλλο
577 2391 669 2445 καὶ
708 2389 844 2446 ἄλλο
889 2392 1076 2462 τέμνει
1115 2390 1211 2457 τὰς
1249 2390 1433 2461 τομάς.
1509 2391 1748 2462 τεμνέτω
1787 2390 1927 2447 κατὰ

227 2475 294 2532 τὰ
332 2482 408 2547 Η,
442 2483 523 2547 M,
561 2479 654 2532 καὶ
690 2479 1196 2550 προσεκβεβλήσθω
1229 2476 1263 2549 ἡ
1297 2485 1423 2534 ΛΖ·
1456 2484 1700 2535 πεσεῖται
1734 2477 1803 2551 δὴ
1837 2479 1926 2535 ἐπὶ

224 2563 288 2621 τὸ
327 2566 560 2636 κέντρον
598 2569 697 2637 τῆς
735 2564 1061 2638 ὑπερβολῆς.
1124 2572 1262 2622 ἔστω
1298 2567 1532 2638 κέντρον
1563 2568 1627 2623 τὸ
1661 2575 1738 2622 Λ·
1772 2571 1925 2623 ἔσται

226 2657 296 2724 δη
344 2655 437 2709 διὰ
486 2654 587 2725 μὲν
633 2654 737 2725 τὴν
781 2652 1122 2727 ὑπερβολήν,
1170 2652 1244 2720 ὡς
1281 2652 1316 2725 ἡ
1358 2661 1469 2709 ΖΔ
1505 2654 1646 2727 πρὸς
1686 2661 1839 2725 ΔΜ,
1887 2652 1922 2725 ἡ

345 2881 385 2921 8.
417 2872 495 2934 τά]
527 2890 579 2931 p,
619 2871 673 2919 τό
705 2874 760 2920 V.
916 2879 984 2919 11.
1029 2871 1138 2933 οὐκ]
1172 2888 1298 2932 cpv3
1340 2887 1476 2920 euan.
1502 2875 1557 2931 V,
1593 2875 1699 2921 add.
1732 2889 1826 2932 mg.
1860 2890 1921 2919 m.

224 2947 314 2978 rec.
435 2932 704 2993 παραβολή]
736 2948 783 2990 p,
816 2947 905 2979 om.
933 2934 983 2979 V.
1035 2987 1038 2989 ,
