2046 3224
0 0 31 104 ἢ,

646 198 649 200 -
718 171 1180 216 PROLEGOMENA.
1652 169 1799 214 LXIX

115 287 287 346 στήμης
317 283 775 345 πολυπραγμοσύνην
809 287 889 332 καὶ
922 288 1118 343 μάλιστα
1150 285 1236 344 τὴν
1274 289 1366 331 τῶν
1401 287 1510 343 περὶ
1541 285 1597 331 τὰ
1622 283 1802 332 κωνικὰ

111 353 374 413 θαυμάτων
405 355 487 410 τῆς
513 354 843 411 μαθηματικῆς
868 350 1069 410 ἄρρητον
1094 352 1368 398 παντάπασι
1391 353 1472 398 καὶ
1497 350 1800 411 ἀνεννόητον,

107 420 219 478 πρὶν
256 416 286 477 ’ἢ
327 418 538 477 ἐντυχεῖν
583 416 836 465 ὁντιναοῦν
868 421 948 464 καὶ
979 426 1228 477 προσσχεῖν
1260 414 1315 465 εὖ
1348 418 1472 477 μάλα
1504 416 1688 477 εὕρεσιν
1720 419 1799 464 καὶ

110 483 415 532 ὑποτύπωσιν
436 483 738 532 Ἀπολλωνίου
770 488 852 530 τοῦ
889 483 940 531 ἐκ
966 485 1150 544 Πέργης
1178 481 1354 569 ἀνδρὸς
1378 482 1439 538 ὡς
1463 483 1653 542 ἀληθῶς
1676 489 1797 530 θαυ-

109 554 341 610 μαστοῦ*)
380 554 476 597 τῶν
518 550 716 631 ἐξαρχῆς
755 549 1046 610 ἀνθρώπων,
1089 549 1175 597 ὅσα
1217 550 1297 610 ε’με
1332 552 1534 609 εἰδέναι,
1574 552 1682 610 περὶ
1712 549 1799 607 τὴν

70 652 73 657 -
109 615 425 677 γεωμετρικὴν
466 616 743 676 ἐπιστήμην,
793 636 939 664 αυτου
982 636 1031 663 τε
1071 616 1238 675 τὴν**)
1279 619 1387 675 περὶ
1425 616 1482 663 τὰ
1521 617 1795 686 κυλινδρικά

109 685 191 730 κα),
216 682 432 743 Σερήνου
459 683 566 730 κατ’
593 682 741 729 αυτὸν
767 681 982 740 ανδρὸς
964 703 993 742 η
1021 681 1094 730 ότι
1118 684 1337 743 ἐ’.γγιστα)
1395 685 1478 729 sed
1501 674 1706 730 extremo
1760 693 1978 770 saec—{Px}

106 751 297 796 saeculo
321 753 462 797 tertio
489 752 666 796 decimo
693 754 741 796 et
766 752 936 808 quaito
959 751 1139 797 decimo
1163 751 1355 796 ineunte
1375 754 1564 796 auctore
1581 751 1798 795 Manuele

114 817 351 875 Bryennio
382 817 568 875 (Sathas
599 819 621 862 I
651 833 696 875 p.
723 815 788 876 ρ’)
821 818 1092 864 Theodorus
1123 818 1380 864 Metochita
1419 817 1586 862 studiis
1620 818 1797 861 mathe-

109 884 293 928 maticis
334 898 384 929 se
423 882 605 929 dedidit
645 886 720 942 (de
759 884 1012 942 Apollonio
1038 886 1067 930 l.
1095 899 1132 929 c.
1158 901 1203 942 p.
1230 882 1326 941 ρεέ
1357 879 1388 928 ἃ
1423 882 1474 929 δὲ
1510 883 1567 940 δή
1600 881 1643 927 τ’
1680 885 1799 940 εἴρη-

110 950 195 993 ταί
226 965 306 1006 μοι
335 947 564 1007 πρότερον
591 947 894 995 Ἀπολλωνίου
927 953 1009 996 τοῦ
1036 953 1276 1008 Περγαίου
1308 947 1487 995 κωνικοὶ
1521 951 1801 1007 θαυμαστῆς

107 1012 257 1066 ὅντως
302 1017 613 1074 γεωμετρικῆς
661 1015 801 1071 ἕξεως
848 1017 929 1062 καὶ
975 1014 1176 1074 κράτους
1225 1014 1276 1062 ἐν
1315 1014 1461 1075 ταύτῃ
1501 1017 1583 1061 τοῦ
1628 1012 1800 1071 ἀνδρὸς

111 1082 345 1140 δείγματα
385 1082 466 1127 καὶ
496 1080 712 1140 Σερήνου
752 1082 1026 1139 κυλινδρικά
1059 1079 1243 1142 μάλιστ’
1282 1081 1500 1139 ε’πονήθη
1532 1100 1608 1140 μοι
1643 1084 1800 1127 δυσδι-

111 1149 299 1205 εξίτητα
341 1154 443 1200 ταῖς
490 1155 824 1207 καταγραφαῖς
870 1147 1083 1207 ἐντυχεῖν
1132 1154 1212 1194 καὶ
1257 1151 1428 1208 κομιδῇ
1477 1166 1575 1200 πως
1618 1145 1798 1207 ἐργώδη

114 1219 302 1271 συσχεῖν
332 1212 649 1270 παντάπασιν,
681 1211 770 1259 ὅσα
794 1213 840 1272 γ’
878 1213 959 1273 ἐμὲ
995 1214 1188 1273 εἰδέναι,
1221 1213 1301 1260 διὰ
1335 1213 1421 1272 τὴν
1447 1213 1672 1260 ἐπίπεδον
1700 1212 1799 1261 ε’πί-

109 1289 303 1338 σκεψιν,
336 1280 418 1324 καὶ
451 1279 575 1325 ἔστιν
609 1277 788 1340 ὁτῳοῦν
820 1283 1027 1339 χρῆσθαι
1058 1285 1139 1326 καὶ
1170 1283 1450 1339 πειρᾶσθαι,
1484 1281 1530 1327 εἰ
1558 1278 1741 1339 ἀληθὴς
1774 1279 1799 1326 ὃ

109 1344 275 1404 λόγος).
327 1361 413 1391 1100
438 1347 630 1391 dubium
657 1349 740 1403 est,
767 1348 879 1404 quin
905 1348 1059 1392 studio
1085 1348 1437 1395 mathematicos
1459 1348 1798 1406 Theodori***)

112 1426 254 1468 opera
276 1412 578 1457 reuiuiscenti
602 1413 853 1458 debeamus
879 1415 1063 1459 codices
1088 1415 1201 1459 satis
1225 1416 1491 1470 frequentes
1509 1415 1801 1459 saeculorum

109 1477 385 1523 XIII—XIV
425 1478 577 1536 (codd.
613 1481 747 1536 cvp)
811 1493 1006 1536 quorum
1045 1481 1388 1526 recentissimus
1428 1482 1526 1525 cod.
1566 1480 1711 1526 Paris.
1751 1496 1800 1557 p,

112 1545 241 1589 cuius
281 1544 670 1602 interpolationes
708 1545 906 1602 peritiae
945 1548 1071 1594 haud
1109 1546 1358 1592 mediocris
1399 1550 1543 1592 testes
1582 1548 1710 1604 sunt,
1750 1548 1798 1592 in

110 1613 276 1655 monte
298 1609 425 1655 Atho
459 1611 661 1668 scriptus
694 1614 786 1667 est3
821 1615 891 1658 est
922 1615 1067 1670 enim,
1104 1613 1224 1658 sicut
1253 1627 1328 1658 me
1360 1612 1542 1658 monuit
1571 1583 1797 1658 Hen1·icus

111 1676 303 1731 Omont,
344 1669 518 1721 codicis
559 1647 791 1723 notissimi
831 1678 1100 1724 Aristotelis
1139 1667 1325 1725 Coisfin
1370 1684 1452 1725 161
1492 1694 1679 1736 prorsus
1719 1693 1798 1737 ge-

110 1742 301 1798 mellus,
342 1742 466 1798 qui,
470 1744 598 1798 ‚olim
629 1744 807 1789 Laurae
842 1744 885 1789 S.
918 1745 1167 1790 Athanasii
1197 1746 1248 1789 in
1277 1747 1436 1791 monte
1467 1747 1592 1791 Atho
1626 1749 1674 1791 et
1704 1748 1797 1791 τῶν

110 1808 490 1866 κατηχουμένων(
494 1810 621 1855 ‘fuit
645 1811 963 1866 (Montfaucon
979 1811 1276 1857 Bibliotheca
1294 1812 1580 1857 Coisliniana
1602 1828 1646 1869 p.
1667 1816 1794 1871 220);

113 1874 289 1932 charta,
323 1877 650 1932 atramentum,
683 1878 848 1922 ductus
880 1877 1060 1923 librarii
1093 1879 1255 1923 eadem
1288 1880 1408 1934 sunt,
1442 1881 1489 1923 et
1519 1878 1569 1922 in
1599 1880 1796 1935 utroque
1815 1926 1832 1939 ‚

112 1940 271 1985 codiee
319 1941 671 1998 commentaria,
722 1957 841 1999 quae
887 1943 1002 1988 alibi
1040 1946 1092 1989 ut
1131 1945 1319 2002 propria
1358 1958 1497 2001 opera
1534 1945 1796 2001 traduntur,

113 2006 276 2051 eadem
307 2022 494 2064 prorsus
526 2008 709 2054 ratione
739 2009 788 2053 111
820 2011 1029 2066 margine
1062 2010 1298 2068 adscripta
1330 2013 1450 2055 sunt.
1509 2011 1717 2055 eiusdem
1750 2013 1798 2056 et

114 2072 298 2129 generis
331 2076 379 2118 et
408 2075 631 2131 temporis
664 2076 773 2119 sunt
805 2076 936 2121 codd.
963 2076 1181 2121 Coislinn.
1218 2082 1302 2121 166
1327 2079 1376 2122 et
1402 2083 1483 2122 169
1511 2077 1795 2133 (Aristotelis

111 2152 215 2182 cum
248 2140 594 2184 commentariis
627 2141 902 2198 Philoponi‚
938 2142 1168 2199 Simplicii
1200 2142 1520 2200 aliorumque),
1553 2143 1795 2200 aliquanto

111 2205 393 2250 recentiores
426 2207 558 2251 codd.
591 2207 890 2262 Mosquenses
925 2213 950 2251 6
983 2210 1031 2253 et
1063 2214 1086 2253 7
1112 2207 1396 2266 (Aristotelis
1429 2223 1532 2252 cum
1566 2223 1795 2254 commen-

113 2270 245 2315 tariis
281 2271 509 2328 Simplicii
542 2273 589 2316 et
619 2271 848 2330 aliorum),
880 2274 1074 2330 uterque
1106 2274 1219 2319 olim
1250 2274 1523 2319 monasterii
1544 2274 1796 2331 Batopedii

111 2338 160 2380 in
206 2339 365 2382 monte
403 2337 549 2392 Ath03
597 2340 687 2383 hoc
726 2352 871 2396 genus
913 2341 1125 2384 codicum
1165 2340 1450 2385 institutioni
1489 2341 1794 2387 scholasticae

110 2402 356 2447 inseruisse
416 2405 732 2448 demonstraui
787 2404 1212 2462 Sitzungsberichte
1267 2406 1348 2450 der
1400 2406 1658 2451 Akademie
1713 2407 1796 2451 der

111 2467 511 2513 wissenschaften
536 2485 592 2514 zu
616 2471 772 2515 Berlin
799 2475 911 2516 1892
938 2488 980 2529 p.
1008 2478 1086 2527 733
1120 2473 1199 2517 cfr.
1227 2473 1325 2519 cod.
1352 2472 1498 2530 Mosq.
1533 2478 1558 2517 6
1583 2473 1661 2518 fol.
1689 2478 1796 2518 278²·

113 2548 254 2579 manu
284 2535 560 2599 recentiore:
593 2533 777 2593 ανέγνω
809 2554 947 2582 τουτο
980 2535 1003 2582 ὁ
1039 2536 1183 2594 μέγας
1215 2536 1368 2596 ρήτωρ
1401 2536 1510 2583 ὅλον
1535 2536 1585 2583 τὸ
1614 2540 1793 2599 βιβλίον

260 2762 309 2820 *)
334 2762 635 2807 Smibendum
666 2761 1076 2834 θαυμαστοτοὶτου.

231 2821 301 2878 **)
332 2822 455 2866 Fort.
488 2838 536 2865 τε
570 2820 666 2866 καὶ
695 2819 781 2878 τήν
814 2822 968 2866 deleto
1001 2825 1087 2867 καί
1113 2826 1222 2868 ante
1254 2826 1349 2880 Σερ
1353 2823 1486 2879 ηᾝνου

204 2879 297 2935 ***)
328 2879 398 2923 Ex
429 2879 584 2924 uerbis
616 2880 713 2924 eius
754 2895 893 2936 supra
925 2881 1095 2926 adlatis
1131 2882 1223 2938 adp
1227 2841 1349 2937 aret?
1390 2881 1612 2925 Serenum
1646 2881 1790 2926 etiam

112 2936 161 2980 in
194 2938 290 2982 eius
323 2937 560 2983 codicibus
594 2953 698 2983 cum
729 2938 978 2996 Apollonio
1012 2941 1308 2985 coniunctum
1337 2917 1432 2983 ’fuis
1415 2953 1498 2984 se
