2020 3236
0 0 76 172 r

0 391 2 444 ᾗ
79 371 214 446 quid
261 370 398 423 XIII
444 370 632 439 primis
678 371 1033 424 theorematis
1082 372 1152 424 sit
1197 373 1559 441 propositum,
1614 376 1668 426 et
1712 373 1771 424 in

395 164 643 206 EurooII
675 163 1111 207 COMMENTARIA
1141 165 1206 208 IN
1238 164 1472 209 oomoA.
1662 164 1770 217 285

197 282 259 335 In
300 282 520 336 scholiis
559 285 686 350 post
723 301 872 351 prop.
906 282 956 335 X
991 285 1176 352 [supra
1198 302 1250 352 p.
1275 284 1404 351 214]
1440 283 1640 337 dictum
1674 288 1772 353 est,

87 459 307 513 scholiis
341 459 405 511 ad
430 477 581 528 prop.
606 458 737 512 XVI
772 461 958 527 [supra
981 478 1032 527 p.
1057 460 1180 529 222,
1205 461 1277 513 24
1303 463 1356 512 et
1378 480 1428 529 p.
1455 461 1606 532 224J,
1643 461 1772 530 quid

82 548 257 600 tribus
314 547 660 616 sequentibus
714 548 1080 618 propositum,
1136 549 1410 601 sciendum
1459 553 1660 618 autem,
1715 550 1772 601 in

86 653 238 704 prop.
278 634 439 687 XVII
487 653 608 687 eum
655 635 852 704 dicere,
899 639 1105 689 rectam
1150 655 1246 705 per
1290 637 1546 691 uerticem
1593 640 1771 691 rectae

86 723 331 775 ordinate
385 722 574 775 ductae
624 723 943 791 parallelam
991 724 1205 776 ductam
1253 727 1408 777 extra
1454 725 1661 795 cadere,
1716 727 1774 779 in

0 825 3 851 τ
86 829 236 880 prop.
275 810 460 863 XVIII
501 814 683 864 autem
723 811 868 880 dicit,
906 814 1109 865 rectam
1147 815 1325 865 rectae
1365 831 1579 882 quoquo
1611 814 1772 866 modo

1 931 2 934 =
86 900 336 968 tangenti
374 899 520 951 intra
561 901 850 952 sectionem
882 901 1198 968 parallelam
1234 901 1447 954 ductam
1482 902 1773 955 sectionem

87 1005 285 1056 secare,
324 987 380 1039 in
417 1005 570 1056 prop.
611 986 739 1040 XIX
781 990 976 1058 autem,
1015 991 1217 1041 rectam
1258 990 1325 1043 ab
1360 990 1540 1059 aliquo
1572 994 1772 1059 puncto

85 1074 338 1127 diametri
415 1079 594 1128 rectae
673 1076 916 1129 ordinate
996 1076 1183 1130 ductae
1259 1079 1577 1147 parallelam
1654 1096 1774 1131 cum

0 1195 2 1226 μ
87 1164 329 1216 sectione
383 1181 720 1233 concurrere,
774 1164 832 1216 in
887 1183 1076 1233 propp.
1130 1164 1231 1217 XX
1279 1169 1334 1219 et
1378 1165 1508 1219 XXI
1554 1167 1775 1235 quaerit,

0 1247 2 1284 ἕ
91 1269 196 1320 quo
239 1251 399 1304 modo
437 1254 616 1304 rectae
655 1252 714 1304 in
753 1253 1082 1306 sectionibus
1124 1254 1368 1307 ordinate
1409 1254 1598 1307 ductae
1637 1255 1776 1307 inter

91 1357 147 1392 se
194 1343 248 1392 et
295 1340 362 1392 ad
407 1343 588 1409 partes
637 1340 883 1393 diametri
932 1342 1000 1394 ab
1047 1342 1114 1394 iis
1163 1342 1377 1395 effectas
1426 1360 1482 1394 se
1520 1342 1776 1411 habeant,

88 1427 145 1480 in
198 1446 389 1496 propp.
443 1427 601 1480 XXII
656 1431 709 1481 et
762 1428 950 1481 XXIII
1006 1429 1069 1481 de
1123 1432 1271 1483 recta
1324 1431 1583 1499 loquItur,
1640 1449 1775 1500 quae

92 1533 213 1568 cum
298 1516 533 1569 sectione
616 1516 674 1568 in
759 1517 967 1570 duobus
1049 1519 1263 1586 punctis
1349 1519 1638 1587 concurrit,
1720 1520 1778 1571 in

90 1622 283 1673 propp.
330 1603 742 1657 XXIV—XXV
790 1605 854 1657 de
895 1608 1064 1674 recta,
1113 1624 1246 1674 quae
1288 1625 1410 1659 eum
1449 1607 1682 1660 sectione
1721 1607 1778 1658 in

91 1710 200 1745 uno
248 1695 450 1760 puncto
500 1693 768 1745 concurrit
817 1694 929 1745 siue
974 1693 1265 1764 contingit,
1310 1695 1367 1746 in
1405 1714 1556 1764 prop.
1593 1694 1778 1748 XXVI

93 1779 156 1831 de
203 1783 351 1831 recta
398 1779 659 1833 diametro
706 1781 997 1849 parabolae
1043 1782 1474 1852 hyperbolaeque
1516 1784 1779 1852 parallela

90 1866 275 1927 ducta,
322 1867 378 1919 in
424 1886 575 1937 prop.
614 1868 825 1921 XXVII
870 1872 1072 1922 rectam
1120 1870 1443 1923 diametrum
1485 1872 1776 1940 parabolae

93 1958 362 2007 secantem
439 1956 711 2024 utrimque
789 1975 910 2009 cum
988 1959 1222 2011 sectione
1300 1977 1639 2025 concurrere,
1721 1961 1778 2012 in

94 2061 247 2111 prop.
285 2042 531 2096 XXVIII
570 2045 633 2096 de
673 2047 832 2112 recta,
873 2063 1008 2114 quae
1047 2048 1224 2098 rectae
1261 2046 1580 2100 alterutram
1614 2067 1777 2117 oppo-

95 2131 321 2183 sitarum
362 2132 700 2201 contingenti
739 2133 1000 2200 parallela
1040 2133 1277 2202 ducitur,
1319 2134 1377 2185 in
1414 2153 1563 2203 prop.
1598 2135 1780 2189 XXIX

95 2218 160 2270 de
231 2221 378 2272 recta
446 2238 542 2287 per
612 2223 854 2273 centrum
926 2221 1294 2289 oppositarum
1363 2222 1647 2289 producta,
1722 2224 1778 2276 in

95 2324 245 2374 prop.
293 2306 449 2360 XXX
495 2308 645 2375 dicIt,
691 2311 895 2360 rectam
942 2326 1038 2375 per
1085 2310 1328 2361 centrum
1368 2310 1571 2377 ellipsis
1612 2328 1779 2380 oppo-

98 2394 430 2463 sitarumque
470 2395 787 2462 productam
826 2395 884 2447 in
924 2395 1056 2448 duas
1093 2398 1276 2464 partes
1312 2398 1563 2466 aequales
1596 2401 1780 2468 secari,

96 2481 153 2533 in
184 2500 334 2550 prop.
367 2481 550 2534 XXXI
578 2481 719 2551 dicit,
751 2482 806 2534 in
831 2482 1129 2551 hyperbola
1152 2486 1356 2536 rectam
1381 2488 1780 2555 contingentem

97 2568 238 2621 inter
312 2570 568 2622 uerticem
641 2573 988 2639 centrumque
1058 2571 1376 2624 diametrum
1447 2590 1648 2643 secare,
1724 2575 1780 2626 in

98 2674 285 2725 propp.
325 2656 553 2725 XXXII,
594 2657 851 2727 XXXIII,
891 2656 1141 2727 XXXIV,
1179 2659 1398 2726 XXXV,
1438 2660 1676 2713 XXXVI
1717 2662 1780 2713 de

102 2841 286 2898 ἔχουσιν
320 2844 392 2890 W.
545 2851 615 2889 17.
647 2844 923 2903 τεμνούσης]
955 2860 1008 2902 p,
1049 2846 1278 2903 τεμούσης
1309 2846 1381 2892 W.
1537 2853 1603 2893 19.
1644 2849 1780 2906 τομῇ]

100 2946 156 2973 το
186 2946 232 2988 p,
264 2930 316 2976 τό
352 2933 426 2978 W.
547 2936 618 2976 26.
651 2929 720 2990 γ’]
755 2946 779 2976 e
812 2946 926 2977 corr.
958 2949 1003 2990 p.
