2046 3256
1030 753 1131 814 IV.

901 915 1268 976 EUTOOII

543 1034 1136 1095 COMMENTARIA
1181 1035 1272 1094 IN
1323 1035 1631 1096 CONICA.

818 1182 936 1244 Εἰς
973 1181 1042 1234 τὸ
1082 1182 1356 1250 πρῶτον.

174 1291 203 1330 ὅ
344 1280 716 1348 Ἀπολλτόνιος
755 1282 785 1338 ὁ
826 1283 1157 1354 γεωμέτρης,
1200 1277 1243 1339 ὦ
1284 1289 1412 1355 φίλε
1448 1284 1629 1358 ἑταῖρε
1656 1283 1930 1358 Ἀνθέμιε,

239 1372 440 1442 γέγονε
479 1370 583 1443 μὲν
621 1373 682 1427 ἐκ
721 1373 945 1445 Πέργης
990 1375 1089 1443 τῆς
1135 1374 1196 1428 ἐν
1236 1378 1549 1448 Παμφυλίᾳ
1601 1375 1662 1429 έν
1707 1374 1935 1447 χρόνοις

232 1464 336 1516 τοῦ
384 1458 705 1539 Εὐεργέτου
745 1465 1127 1542 Πτολεμαίου,
1174 1459 1250 1527 ὦς
1290 1464 1502 1534 ἱστορεῖ
1536 1460 1861 1536 Ἡράκλειος
1899 1463 1930 1522 ὁ

231 1554 331 1606 τὸν
373 1538 518 1621 βιόν”
537 1535 922 1622 Ἇᾞῖἶῖήδουῖ
936 1539 1194 1622 γράφων,
1236 1547 1297 1616 ὃς
1327 1555 1426 1606 καί
1452 1568 1591 1623 φησι
1621 1551 1690 1608 τὰ
1718 1556 1929 1610 κωνικὰ

233 1638 575 1711 θεωρήματα
617 1639 909 1709 ἐπινοῆσαι
949 1638 1054 1709 μὲν
1089 1642 1314 1710 πρῶτον
1343 1642 1443 1696 τὸν
1470 1638 1792 1714 Ἀρχιμήδη,
1830 1646 1931 1700 τὸν

146 1736 203 1776 10
237 1727 300 1783 δὲ
333 1725 713 1783 Ἀπολλώνιον
753 1725 894 1783 αὐτὰ
934 1726 1172 1800 εὑρόντα
1204 1726 1314 1784 ὑπὸ
1342 1726 1712 1802 Ἀρχιμήδους
1742 1731 1817 1804 μὴ
1850 1735 1931 1789 ἐκ·

234 1817 479 1873 δοθέντα
522 1815 1007 1888 ἰδιοποιήσασθαι,
1058 1814 1160 1872 οὐκ
1206 1818 1507 1888 ἀληθεύων
1545 1820 1685 1875 κατά
1722 1843 1785 1892 γε
1822 1821 1927 1893 τὴν

234 1905 389 1977 ἐμήν.
471 1903 502 1962 ὅ
539 1928 598 1962 τε
645 1904 750 1979 γὰρ
795 1904 1127 1978 Ἀρχιμήδης
1174 1908 1236 1962 έν
1282 1913 1510 1974 πολλοῖς
1556 1913 1816 1980 φαίνεται
1856 1908 1932 1977 ὥς

230 1993 599 2065 παλαιοτέρας
652 2003 751 2064 τῆς
802 1994 1199 2066 στοιχειώσεως
1251 1998 1366 2051 τῶν
1419 1999 1675 2053 κωνικῶν
1730 2020 1930 2071 μεμνη-

234 2083 419 2155 μένος,
453 2083 547 2138 καὶ
574 2080 602 2139 ὁ
633 2080 1005 2149 Ἀπολλώνιος
1034 2082 1135 2156 οὐχ
1162 2081 1236 2150 ὡς
1261 2087 1407 2151 ἰδίας
1432 2085 1680 2153 ἐπινοίας
1702 2087 1929 2161 γράφει·

147 2180 203 2219 15
236 2171 307 2229 οὐ
351 2171 457 2244 γὰρ
506 2168 578 2228 ἂν
626 2176 732 2244 ἔφη
782 2172 882 2227 ἐπὶ
929 2174 1133 2228 πλέον
1179 2173 1287 2228 καὶ
1331 2173 1632 2230 καθόλου
1678 2178 1928 2247 μᾶλλον

232 2260 665 2334 ἐξειργάσθαι
717 2265 919 2317 ταῦτα
980 2261 1150 2334 παρὰ
1213 2262 1289 2318 τὰ
1340 2261 1464 2319 ὑπὸ
1518 2267 1647 2320 τῶν
1710 2263 1928 2322 ἄλλων

233 2351 669 2421 γεγραμμένα.
754 2349 873 2406 ἀλλ’
928 2349 1063 2423 ὅπερ
1119 2351 1294 2422 φησὶν
1350 2349 1379 2406 ὁ
1428 2357 1665 2423 Γεμῖνος
1720 2350 1930 2424 ἀληθές

235 2442 406 2508 ἐστιν,
448 2437 531 2494 ὅτι
566 2441 623 2494 οὗ
658 2439 884 2495 παλαιοὶ
923 2443 1111 2496 κῶνον
1144 2437 1458 2512 ὁριζόμενοι
1490 2441 1593 2512 τὴν
1625 2444 1725 2497 τοῦ
1758 2439 1926 2514 ὀρθο-

232 2532 447 2600 γωνίου
485 2528 764 2600 τριγώνου
803 2527 1120 2601 περιφορὰν
1167 2527 1445 2600 μενούσης
1483 2532 1613 2601 μιᾶς
1649 2532 1764 2586 τῶν
1800 2532 1926 2600 περὶ

143 2623 204 2663 20
234 2618 339 2688 τὴν
380 2614 566 2689 ὀρθὴν
614 2618 838 2682 εἰκότως
884 2618 976 2671 καὶ
1022 2618 1155 2682 τοὺς
1199 2616 1418 2683 κώνους
1462 2618 1674 2684 πάντας
1712 2616 1928 2691 ὀρθοὺς

232 2704 632 2776 ὑπελάμβανον
671 2708 933 2774 γίνεσθαι
971 2706 1064 2760 καὶ
1096 2709 1231 2776 μίαν
1270 2703 1447 2777 τομὴν
1486 2707 1549 2761 ἐν
1588 2706 1824 2782 ἑκάστῳ,
1866 2709 1929 2763 ἐν

352 2873 393 2915 4.
436 2864 670 2912 Εὖτοκίου
699 2862 1029 2911 Ἀσκαλωνίτου
1064 2866 1132 2918 εἰς
1162 2864 1214 2912 τὸ
1247 2863 1297 2911 α’
1329 2867 1422 2911 τῶν
1451 2862 1753 2912 Ἀπολλωνίου
1786 2884 1925 2913 κωνι-

230 2928 330 2972 κῶν
363 2931 446 2984 τῆς
478 2923 585 2971 κατ’
613 2922 762 2971 αὐτὸν
797 2924 1028 2977 ἐκδόσεως
1057 2922 1314 2984 ὑπόμνημα
1346 2927 1460 2983 Wp.
1585 2932 1626 2972 6.
1659 2924 1846 2986 γέγονε]
1878 2942 1926 2984 p,
