2020 3236
739 783 811 836 In
850 784 1082 836 librum
1122 780 1215 835 IV.

243 904 402 958 Liber
449 905 695 972 (μαι-13115,
741 902 815 953 mi
860 899 1171 968 Anthemio,
1222 898 1652 966 disquisitionem
1691 915 1819 950 con-

8 985 54 1038 Ῠῖ
130 994 291 1062 tinet,
346 994 476 1062 quot
528 991 701 1044 modis
755 989 1017 1042 sectiones
1066 1005 1325 1040 conorum
1373 989 1426 1038 et
1471 987 1612 1038 inter
1659 1004 1715 1039 se
1763 988 1818 1038 et

45 1123 55 1155 4
135 1100 257 1134 cum
301 1080 508 1133 ambitu
547 1077 733 1131 circuli
772 1079 1095 1130 concurrant
1135 1074 1248 1127 siue
1290 1075 1662 1144 contingentes
1703 1074 1817 1127 siue

54 1173 57 1176 ⁴
134 1171 401 1237 secante8‚
442 1169 525 1219 cst
564 1169 742 1219 autem
783 1165 999 1234 elegans
1041 1167 1095 1215 et
1131 1162 1446 1231 perspicuus
1484 1162 1576 1231 iis,
1615 1162 1707 1231 qui
1745 1162 1819 1214 le-

4 1272 11 1297 ⁴‘
134 1260 287 1327 gent,
333 1255 564 1308 maxime
610 1252 668 1306 i'n
714 1256 903 1305 nostra
949 1251 1206 1319 editione3
1257 1268 1357 1303 nec
1404 1250 1620 1303 scholiis
1668 1252 1816 1320 eget3

7 1345 57 1410 L
134 1344 514 1397 adnotationes
527 1340 570 1414 1)
627 1342 771 1394 enim
822 1341 1060 1409 explent,
1115 1339 1161 1391 si
1209 1339 1335 1407 quid
1383 1339 1545 1391 deest.
1630 1355 1817 1391 omnes

15 1421 18 1425 ⁴
55 1423 58 1429 ’
135 1450 265 1485 uero
305 1431 705 1501 propositiones
747 1430 859 1482 eius
899 1447 995 1497 per
1034 1428 1402 1480 reductionem
1433 1427 1492 1478 in
1523 1426 1818 1478 absurdum

53 1536 57 1543 ’
137 1521 599 1589 demonstrantur,
652 1536 758 1586 qua
810 1517 1020 1569 ratione
1075 1516 1240 1568 etiam
1285 1514 1536 1566 Euclides
1589 1514 1653 1565 de
1708 1530 1818 1566 sec-

131 1608 375 1661 tionibus
424 1610 478 1659 et
523 1609 777 1660 contactu
825 1604 1014 1657 circuli
1060 1603 1451 1656 demonstrauit
1496 1601 1688 1667 [Elem.
1720 1600 1819 1670 III,

15 1693 53 1754 ·3
138 1697 230 1765 10,
276 1696 386 1763 13].
477 1712 614 1763 quae
667 1694 808 1746 ratio
864 1696 918 1744 et
970 1691 1254 1744 Aristotefi
1309 1690 1488 1757 [Anal.
1534 1708 1612 1758 pr.
1659 1688 1712 1758 1,
1761 1690 1816 1755 7]

20 1790 47 1816 ‘³
135 1783 285 1836 utilis
340 1783 746 1850 necessariaque
794 1781 1009 1833 uidetur
1055 1783 1110 1832 et
1138 1779 1468 1848 geometris,
1523 1779 1582 1829 in
1628 1777 1818 1846 primis

38 1884 45 1895 ‘
133 1870 456 1925 Archimedi.

248 1959 498 2026 perlectis
537 1958 704 2026 igitur
740 1956 826 2008 his
865 1954 944 2007 IV
983 1955 1136 2008 libris
1175 1955 1278 2006 tibi
1314 1954 1499 2006 licebit
1536 1972 1632 2022 per
1660 1953 1821 2007 ratio-

10 2060 12 2065 ’
133 2064 260 2098 nem
292 2046 599 2099 conicorum
632 2043 827 2111 omnia,
867 2061 1000 2111 quae
1033 2042 1315 2110 proposita
1348 2045 1517 2105 erunt,
1546 2042 1819 2094 resoluere

41 2187 47 2202 ὲ
134 2137 190 2186 et
236 2150 568 2202 componere.
649 2148 814 2199 quare
855 2130 1018 2182 etiam
1057 2129 1382 2197 Apollonius
1421 2129 1536 2196 ipsc
1575 2128 1635 2180 in
1672 2128 1818 2196 prin-

134 2221 273 2290 cipio
314 2221 491 2290 operis
531 2220 675 2285 dicit,
713 2217 791 2270 IV
833 2218 1003 2270 libros
1045 2217 1112 2268 ad
1149 2216 1549 2268 institutionem
1588 2216 1818 2268 elemen-

45 2298 59 2324 ¹
133 2312 309 2361 tarem
367 2308 414 2374 [I
452 2327 502 2376 p.
541 2309 598 2376 4,
640 2308 695 2372 1]
752 2305 1018 2374 sufficere,
1070 2304 1306 2372 reliquos
1363 2306 1541 2355 autem
1590 2303 1818 2355 ulterius

42 2403 47 2411 ”
135 2396 388 2466 progredi
428 2393 479 2461 [I
510 2415 560 2465 p.
592 2396 643 2464 4,
674 2395 786 2460 22].

257 2526 301 2580 1)
347 2523 474 2579 Fuit,
520 2529 627 2568 ’cum
679 2522 958 2566 conficerem
995 2521 1348 2577 καταγραφαί,
1398 2519 1481 2563 sed
1519 2532 1640 2562 nunc
1681 2518 1817 2562 credo

138 2581 389 2639 significari
420 2583 585 2626 breues
618 2581 724 2625 illas
755 2582 905 2635 notas,
938 2578 1104 2634 quibus
1135 2579 1186 2622 in
1217 2579 1349 2625 codd.
1381 2577 1819 2622 mathematicorum

138 2640 484 2697 propositiones
516 2642 768 2696 usurpatae
799 2638 877 2683 uel
900 2637 1047 2694 ipsius
1072 2636 1225 2694 operis
1256 2637 1333 2680 uel
1359 2635 1565 2680 Euclidis
1591 2634 1816 2690 citantur-3

135 2700 255 2743 tales
286 2699 431 2754 igitur
454 2697 676 2743 Eutocius
708 2698 786 2742 uel
817 2696 1050 2740 addidisse
1081 2695 1160 2740 uel
1190 2695 1241 2738 in
1272 2695 1365 2738 suis
1395 2695 1526 2739 codd.
1552 2694 1818 2738 conicorum

46 2774 49 2775 ⁷
139 2756 374 2802 inuenisse
405 2757 639 2813 putandus
678 2758 760 2810 est,
792 2767 1070 2812 quamquam
1099 2755 1149 2798 in
1179 2752 1349 2797 nostris
1382 2753 1561 2796 desunt.

138 2873 325 2931 scriptis
348 2873 520 2918 litteris
546 2874 651 2931 αγβ
673 2887 720 2928 p.
813 2876 883 2916 13.
904 2867 1185 2929 Ἀρχιμήδει]
1217 2883 1366 2926 comp.
1384 2885 1429 2925 p,
1451 2866 1718 2925 Ἀρχιμήδηι
1741 2869 1817 2913 W.

200 2938 269 2978 15.
300 2932 639 2989 πραγματείας]
665 2945 711 2987 p,
743 2931 1036 2987 πραγματείας
1059 2930 1132 2975 W.
1225 2932 1294 2973 17.
1329 2929 1471 2983 φησίν
1494 2928 1570 2983 W,
1602 2941 1752 2983 comp.
1770 2942 1817 2983 p.

1460 2999 1550 3042 23*
