2046 3256
278 135 392 188 264
754 139 1196 183 COMMENTARIA
1225 141 1509 194 ANTIQUA.

281 253 580 326 τοσαύτας,
639 252 714 321 ὡς
767 253 914 312 εἶναι
969 255 1068 323 τὰς
1119 257 1302 325 πάσας
1355 258 1589 327 πτώσεις
1635 259 1841 318 τούτου
1885 264 1988 319 τοῦ

279 343 647 418 θεωρήματος
689 349 772 418 εἷς’.

937 454 1055 516 Εἰς
1092 450 1161 507 τὸ
1204 451 1326 523 μδ’.

393 551 565 609 Ἐπεὶ
624 547 744 610 οὗν
799 551 1261 627 ἆντικείμεναί
1311 559 1484 613 εἰσιν
1540 559 1610 613 αἱ
1658 563 1800 630 ΖΑ,
1848 564 1990 630 ΒΕ,

225 656 252 697 5
287 635 376 698 ὧν
429 642 783 714 διάμετρος
829 639 863 715 ἡ
911 649 1054 714 ΑΒ,
1107 642 1141 716 ἡ
1192 644 1262 700 δὲ
1310 644 1418 700 διὰ
1463 654 1581 702 τοῦ
1625 647 1909 720 κέντρου
1954 645 1993 719 ἡ

283 736 463 787 ΖΓΕ
498 732 606 787 καὶ
646 732 1101 804 ἐφαπτόμεναι
1139 737 1266 790 τῶν
1306 738 1523 806 τομῶν
1563 738 1634 791 αἰ
1662 741 1806 807 ΖΗ,
1845 743 1991 808 ΔΕ,

281 820 706 894 παράλληλός
738 823 919 878 ε’στιν
950 820 984 893 ἡ
1014 828 1127 879 ΖΗ
1147 827 1222 897 τῇ
1248 828 1392 894 ΕΛ]
1428 824 1543 880 ἐπεὶ
1574 823 1683 898 γὰρ
1707 822 1992 898 ὑπερβολή

283 912 435 967 ἐστιν
481 908 516 982 ἡ
557 917 666 966 ΑΖ
711 911 806 966 καὶ
846 913 1200 984 ἐφαπτομένη
1240 910 1275 984 ἡ
1317 919 1435 968 ΖΗ
1467 913 1560 970 καὶ
1598 916 1914 987 κατηγμένη
1955 912 1990 986 ἡ

285 1006 414 1071 ΖΟ,
463 1007 590 1056 ἴσον
638 1001 753 1056 ἐστὶ
799 1003 860 1055 τὸ
900 997 1009 1056 ὑπὸ
1052 1006 1227 1057 ΟΓΗ
1258 1006 1334 1077 τῷ
1375 999 1482 1058 ἀπὸ
1524 1008 1633 1059 ΓΑ
1672 1002 1766 1059 διὰ
1804 1006 1866 1060 τὸ
1907 1001 1989 1070 λζ’

196 1103 252 1143 10
285 1089 577 1161 θεώρημα·
627 1086 835 1161 ὁμοίως
882 1090 952 1161 δὴ
1000 1090 1094 1145 καὶ
1138 1093 1200 1145 τὸ
1247 1087 1357 1146 ὑπὸ
1404 1093 1571 1154 ΞΓΛ
1618 1095 1692 1167 τῷ
1733 1090 1842 1148 ὑπὸ
1882 1097 1988 1148 ΓΒ

284 1181 437 1235 ἐστιν
479 1185 621 1234 ἴσον.
683 1182 837 1235 ἔστιν
876 1177 1004 1250 ἄρα,
1047 1175 1119 1245 ὡς
1157 1178 1218 1235 τὸ
1260 1176 1370 1235 ὑπὸ
1407 1186 1583 1236 ΟΓΗ
1612 1181 1754 1254 πρὸς
1783 1179 1846 1237 τὸ
1880 1179 1990 1236 ἀπὸ

285 1272 412 1338 ΑΓ,
455 1265 634 1333 οὕτως
671 1266 733 1323 τὸ
774 1265 884 1324 ὑπὸ
926 1270 1092 1331 ΞΓΔ
1129 1269 1273 1340 πρὸς
1311 1268 1373 1324 τὸ
1405 1267 1517 1324 ἀπὸ
1552 1274 1673 1340 ΒΓ,
1711 1270 1805 1326 καὶ
1837 1270 1992 1325 ἐναλ·

283 1355 404 1426 λάξ,
447 1354 519 1422 ὡς
550 1355 613 1412 τὸ
652 1353 763 1412 ὑπὸ
805 1361 980 1412 ΟΓΗ
1003 1355 1143 1429 πρὸς
1181 1356 1243 1412 τὸ
1283 1354 1391 1413 ὑπὸ
1426 1358 1611 1431 ΞΓΔ,
1649 1361 1712 1414 τὸ
1745 1356 1853 1414 ἀπὸ
1885 1362 2002 1413 ΛΓ

286 1449 426 1516 πρὸς
471 1448 533 1501 τὸ
581 1444 688 1501 ἀπὸ
728 1450 846 1502 ΓΒ.
925 1453 1051 1502 ἴσον
1092 1445 1154 1502 δὲ
1192 1447 1255 1502 τὸ
1299 1444 1409 1502 ἀπὸ
1451 1451 1569 1502 ΑΓ
1596 1449 1673 1523 τῷ
1713 1444 1823 1503 ἀπὸ
1865 1450 1992 1502 ΓΒ·

197 1549 252 1588 15
288 1542 414 1591 ἴσον
448 1535 557 1607 ἄρα
589 1535 682 1591 καὶ
712 1534 774 1590 τὸ
809 1533 919 1591 ὑπὸ
956 1540 1131 1591 ΟΓΗ
1153 1538 1229 1610 τῷ
1262 1532 1371 1591 ὑπὸ
1405 1537 1587 1599 ΞΓΔ.
1647 1539 1747 1591 καί
1773 1537 1925 1591 ἐστιν
1957 1532 1992 1606 ’ἦ

291 1629 400 1679 ΟΓ
427 1627 493 1697 τῇ
529 1626 633 1687 ΓΞ
661 1632 775 1696 ἴση·
814 1625 907 1680 καὶ
940 1622 974 1695 ἡ
1006 1629 1130 1680 ΗΓ
1154 1623 1264 1697 ἄρα
1297 1627 1362 1698 τῇ
1395 1629 1507 1680 ΓΔ
1539 1626 1690 1681 ἐστιν
1725 1632 1836 1696 ἴση·
1878 1628 1994 1680 ἔστι

289 1713 351 1768 δὲ
389 1714 481 1768 καὶ
522 1710 556 1784 ἡ
591 1719 698 1769 ΖΓ
722 1717 788 1787 τῇ
822 1718 930 1770 ΓΕ
959 1713 1052 1770 διὰ
1084 1715 1148 1770 τὸ
1182 1714 1257 1769 λ’·
1301 1716 1363 1769 αἱ
1391 1713 1502 1787 ἄρα
1535 1719 1711 1770 ΖΓΗ
1735 1721 1852 1770 ἴσαι
1884 1713 1994 1769 εἰσὶ

286 1813 408 1867 ταῖς
431 1807 614 1859 ΕΓΔ.
675 1803 769 1857 καὶ
801 1806 1009 1873 γωνίας
1041 1809 1162 1868 ἴσας
1193 1803 1513 1875 περιέχουσι
1537 1801 1637 1868 τὰς
1659 1802 1798 1872 πρὸς
1821 1805 1897 1878 τῷ
1922 1806 1990 1857 Γ·

287 1889 426 1946 κατὰ
464 1892 725 1965 κορυφὴν
757 1891 880 1963 γάρ.
943 1889 1084 1946 ὥστε
1121 1893 1213 1947 καὶ
1255 1889 1288 1962 ἡ
1324 1897 1443 1947 ΖΗ
1472 1895 1538 1964 τῇ
1572 1897 1686 1946 ΕΔ
1717 1893 1867 1947 ἐστιν
1901 1898 1993 1963 ἴση

198 1994 257 2034 20
289 1980 382 2035 καὶ
407 1979 440 2050 ἡ
466 1979 576 2036 ὑπὸ
595 1985 772 2036 ΓΖΗ
788 1984 969 2050 γωνία
992 1983 1058 2053 τῇ
1084 1978 1192 2036 ὑπὸ
1221 1985 1402 2036 ΓΕΔ.
1449 1985 1548 2036 καί
1567 1983 1711 2036 εἰσιν
1738 1979 1995 2047 ἐναλλάξ·

287 2068 644 2140 παράλληλος
682 2068 791 2141 ἄρα
832 2069 983 2125 ἐστὶν
1023 2066 1057 2140 ἡ
1100 2075 1216 2124 ΖΗ
1250 2079 1316 2143 τῇ
1359 2075 1486 2125 ΕΔ.

403 2159 465 2213 αἱ
500 2157 734 2224 πτώσεις
774 2156 951 2214 αὐτοῦ
993 2148 1053 2228 ἶβ-
1090 2162 1252 2229 είσιν,
1292 2157 1548 2229 καθάπερ
1589 2159 1678 2214 ἐπὶ
1707 2161 1805 2230 τῆς
1834 2155 1994 2231 ὑπερ-

293 2250 467 2318 βολῆς
507 2249 568 2303 ἐν
606 2256 682 2323 τῷ
723 2246 820 2318 μγ’
862 2250 990 2318 ἔχει,
1029 2247 1122 2302 καὶ
1162 2244 1195 2318 ἡ
1237 2244 1522 2314 ἀπόδειξις
1559 2246 1592 2318 ἡ
1631 2245 1788 2318 αὐτή.

954 2413 1069 2475 Εἰς
1106 2410 1176 2465 τὸ
1218 2410 1331 2482 με’.

203 2526 261 2567 25
400 2509 724 2583 Ἐπιστῆσαι
756 2512 860 2586 χρὴ
892 2516 967 2589 τῷ
999 2513 1323 2587 θεωρήματι
1354 2515 1532 2589 τούτῳ
1564 2517 1789 2579 πλείους
1812 2516 1997 2584 ἔχοντι

294 2601 543 2666 πτώσεις.
622 2601 710 2656 ἐπὶ
758 2601 859 2672 μὲν
902 2601 1010 2674 γὰρ
1050 2606 1145 2675 τῆς
1183 2601 1496 2676 ὑπερβολῆς
1534 2607 1644 2675 ἔχει
1682 2608 1743 2654 ἴτ’·
1782 2599 1845 2657 τὸ
1885 2599 1994 2674 γὰρ

381 2823 390 2831 ⁰
417 2770 468 2831 3..
497 2763 586 2808 Hic
619 2762 705 2815 Εἰς
734 2761 787 2809 τὸ
820 2761 898 2822 με’
933 2765 963 2809 l.
997 2770 1055 2808 24
1087 2791 1139 2798 —
1171 2780 1216 2823 p.
1250 2771 1351 2821 266,
1385 2770 1443 2809 24
1481 2763 1588 2810 hab.
1623 2764 1697 2808 W.
1844 2768 1884 2807 7.
1917 2762 1995 2821 τῇ]

303 2837 486 2880 senpm,
519 2823 601 2879 τῆς
631 2823 746 2881 Wp.
881 2829 921 2868 9.
957 2825 1063 2883 ΖΟ]
1101 2826 1187 2869 ΖΘ
1217 2824 1333 2898 Wp,
1367 2838 1481 2869 corr.
1517 2823 1692 2868 Comm.
1817 2823 1993 2894 OP‘HJI

292 2884 450 2999 85.ζῖ
475 2882 747 2999 gf'p‘forr'
775 2882 1436 3000 Cffamdslfffo'fflfffflflaelssf
1467 2897 1581 2987 ἓξὲξ.
1600 2881 1792 2986 ίἷῖὶοεαῑαῗαῃιὶαια.
1897 2897 1994 2984 υἷέο.
