2046 3224
268 137 338 190 10
933 135 1212 180 ΚΩΝΙΚῼΝ
1242 133 1308 183 δ’.

377 259 626 311 ἔστωσαν
667 253 1044 326 ἀντικείμεναι
1084 257 1146 310 αἰ
1181 260 1247 326 Β,
1282 260 1329 310 Θ
1374 254 1468 310 καὶ
1508 252 1866 327 ἆσύμπτωτοι
1905 256 1969 310 αἱ

263 346 398 415 ΚΛ,
423 346 619 409 ΜΞΝ
649 343 742 398 καὶ
773 346 835 399 τὸ
870 349 925 399 A
956 354 1190 414 σημεῖον
1224 345 1285 399 ἐν
1316 346 1382 416 τῇ
1415 340 1524 399 ὑπὸ
1557 345 1736 407 AEN
1767 347 1965 419 γωνίᾳ,

261 433 356 489 καὶ
410 429 505 488 ἄπ’
559 430 734 488 αὐτοῦ
783 433 1117 504 ἐφαπτέσθω
1174 432 1276 504 μὲν
1331 430 1366 503 ἡ
1417 437 1555 503 ΔΒ,
1609 433 1850 505 τεμνέτω
1903 431 1964 488 δὲ

262 520 297 593 ἡ
340 527 474 593 ΛΓ,
523 522 616 577 καὶ
657 523 720 576 αἰ
756 527 820 593 Ε,
854 527 909 578 Γ
946 520 1294 594 συμπτώσεις
1330 522 1735 594 περιεχέτωσαν
1772 519 1876 593 τὴν
1916 527 1963 577 Β

204 620 229 660 5
263 608 438 682 ἁφήν,
477 610 571 665 καὶ
604 600 672 666 ὃν
706 614 815 683 ἔχει
847 609 1019 682 λόγον
1052 610 1086 682 ἡ
1122 614 1226 665 ΓΔ
1265 612 1403 683 πρὸς
1436 615 1566 681 ΔΕ,
1607 610 1771 682 ἐχέτω
1803 608 1966 683 ἡΓΖ

262 703 399 771 πρὸς
441 705 558 755 ΖΕ.

377 792 644 860 δεικτέον,
686 787 771 845 ὅτι
803 786 837 861 ἡ
871 786 979 844 ἀπὸ
1011 791 1114 844 τοῦ
1139 794 1187 843 Β
1229 787 1316 844 ἐπὶ
1348 791 1410 844 τὸ
1446 794 1489 843 Ζ
1531 788 1963 860 ἐπιζευγνυμένη

262 891 620 951 συμπεσεῖται
666 882 732 952 τῇ
773 885 821 934 Θ
858 881 1026 952 τομῇ,
1082 877 1175 933 καὶ
1223 876 1257 949 ἡ
1305 875 1414 933 ἀπὸ
1458 887 1556 950 τῆς
1594 875 1965 950 συμπτώσεως

263 968 350 1024 ἐπὶ
388 971 449 1024 τὸ
494 975 549 1023 A
588 967 858 1040 ἐφάψεται
895 970 995 1040 τῆς
1033 970 1217 1038 τομῆς.

175 1081 230 1122 10
374 1055 534 1129 ἤχθω
568 1057 675 1130 γὰρ
709 1054 817 1112 ἀπὸ
849 1059 952 1112 τοῦ
979 1062 1034 1111 A
1067 1055 1418 1128 ἐφαπτομένη
1452 1058 1551 1127 τῆς
1572 1058 1746 1128 τομῆς
1772 1054 1806 1128 ἡ
1833 1060 1964 1126 ΔΘ,

257 1146 352 1201 καὶ
392 1148 776 1217 ἐπιζευχθεῖσα
816 1145 849 1216 ἡ
896 1150 998 1200 ΘΒ
1039 1145 1304 1216 πιπτέτω,
1353 1148 1404 1200 εἰ
1443 1143 1715 1216 δυνατόν,
1756 1142 1830 1217 μὴ
1872 1143 1965 1200 διὰ

258 1242 360 1290 τοῦ
401 1240 473 1305 Ζ,
521 1232 662 1289 ἀλλὰ
704 1231 797 1289 διὰ
836 1237 938 1289 τοῦ
977 1238 1050 1290 Η.
1129 1237 1278 1289 ἔστιν
1319 1234 1457 1306 ἄρα,
1499 1231 1575 1300 ὡς
1612 1231 1647 1306 ἡ
1687 1239 1791 1290 ΓΔ
1828 1237 1966 1306 πρὸς

258 1330 400 1395 ΛΕ,
441 1321 475 1394 ἡ
515 1328 638 1379 ΓΗ
667 1326 804 1396 πρὸς
842 1328 982 1378 ΗΕ·
1041 1320 1176 1392 ὅπερ
1217 1323 1452 1379 ἄτοπον·
1509 1321 1798 1379 ὑπόκειται
1837 1322 1965 1394 γάρ,

258 1410 332 1479 ὡς
371 1411 405 1485 ἡ
447 1417 549 1468 ΓΔ
588 1416 726 1484 πρὸς
765 1418 895 1483 ΔΕ,
938 1409 971 1483 ἡ
1015 1416 1118 1466 ΓΖ
1157 1415 1295 1483 πρὸς
1336 1418 1453 1467 ΖΕ.

174 1606 228 1646 15
1075 1574 1140 1630 ε’.

379 1684 505 1735 Τῶν
553 1680 739 1736 αὐτῶν
788 1678 971 1735 ὄντων
1022 1675 1122 1732 ἐὰν
1170 1680 1232 1732 τὸ
1282 1684 1337 1732 A
1385 1688 1616 1749 σημεῖον
1672 1679 1766 1733 ἐπί
1807 1698 1963 1743 τινος

256 1762 292 1842 ᾖ
331 1771 444 1825 τῶν
484 1766 894 1842 ἀσυμπτοότων,
940 1764 974 1838 ἡ

256 1854 363 1913 ἀπὸ
418 1861 520 1913 τοῦ
567 1865 614 1914 Β
671 1859 758 1914 ἐπὶ
811 1862 872 1915 τὸ
930 1865 975 1914 Ζ

299 1943 547 2019 ἀγομένη
587 1949 940 2020 παράλληλος

167 2048 224 2088 20
259 2039 409 2090 ἔσται
469 2039 535 2109 τῇ
600 2035 738 2110 αὐτῇ
800 2035 974 2111 ἀσυμ-

256 2124 466 2199 πτώτῳ.

368 2210 691 2271 ὑποκείσθω
744 2214 850 2289 γὰρ
906 2216 971 2271 τὰ

226 2295 416 2371 ἀὐτοί,
449 2302 541 2357 καὶ
573 2306 634 2358 τὸ
661 2310 714 2358 A
743 2316 975 2375 σημεῖον

257 2392 394 2444 ἔστω
414 2390 501 2445 ἐπὶ
519 2401 649 2462 μιᾶς
668 2396 783 2448 τῶν
798 2390 973 2465 ἀσυμ-

255 2479 485 2534 πτῶτων
509 2483 607 2550 τῆς
631 2487 776 2537 MN.
829 2484 972 2537 δεικ-

168 2573 224 2613 25
256 2568 400 2637 τέον,
441 2568 527 2623 ὅτι
567 2566 601 2638 ἡ
641 2566 748 2625 ἀπὸ
795 2573 897 2626 τοῦ
936 2577 982 2625 Β
1022 2573 1087 2644 τῇ
1128 2574 1266 2627 ΜΝ
1306 2569 1659 2642 παράλληλος
1708 2566 1953 2640 ἀγομένη

257 2656 345 2711 ἐπὶ
391 2659 453 2712 τὸ
495 2664 539 2712 Ζ
577 2670 838 2714 πεσεῖται.

378 2884 446 2924 15.
481 2880 546 2940 ε’]
580 2895 624 2937 p,
658 2894 748 2927 om.
768 2881 823 2937 V,
857 2880 904 2926 δ’
931 2897 981 2937 v3
1016 2883 1063 2927 et
1096 2881 1163 2926 sic
1197 2881 1431 2938 deinceps.
1567 2885 1635 2925 17.
1668 2880 1761 2925 τῶν
1797 2873 1850 2924 ἆ·
1881 2878 1954 2924 bis

255 2936 297 2980 V
328 2937 376 2982 in
409 2941 523 2984 extr.
557 2943 607 2984 et
636 2940 737 2986 init.
771 2954 902 2998 pag.;
937 2953 1052 2987 corr,
1085 2955 1165 2998 pc.
