2046 3224
696 139 1158 183 PRoLEGOMENA.
1572 113 1773 183 vLXXIX

92 257 175 301 aut
205 256 334 300 extra
360 268 488 311 eam,
531 268 635 298 cum
675 255 1012 311 protrahuntur
1051 256 1303 300 secundum
1335 255 1687 312 rectitudinem,
1725 257 1775 300 in

91 324 224 380 parte
256 320 364 377 alia,
395 321 444 365 in
476 334 569 377 qua
598 335 692 366 non
725 323 797 366 est
829 323 969 378 caput
998 322 1256 379 piramidis,

139 408 144 412 -
213 388 347 441 Quod
380 387 419 432 si
448 386 574 432 linea
605 389 747 444 recta,
780 401 868 443 que
902 390 972 432 est
1005 387 1269 434 differentia
1293 389 1552 434 communis
1578 389 1773 433 duarum

93 453 440 511 superficierum
472 453 730 510 planarum,
764 452 1023 510 equidistat
1045 454 1186 499 lateri
1208 456 1445 513 trianguli,
1477 457 1590 500 tunc
1615 469 1776 512 super-

93 520 240 577 ficie8‚
289 534 428 577 super
474 533 611 576 quam
654 521 837 565 secatur
874 519 1090 577 piramis,
1139 523 1186 566 et
1225 536 1366 578 quam
1406 522 1614 566 continet
1651 521 1776 567 linea
1822 532 1842 566 5

90 587 303 642 munani,
339 587 607 630 nominatur
639 586 786 631 sectio
817 586 1003 631 mukefi.
1067 588 1127 631 Et
1159 587 1198 631 si
1228 602 1322 632 non
1354 587 1608 644 equidistat
1638 587 1776 633 lateri

89 652 337 709 trianguli,
375 653 518 696 immo
559 652 794 698 concurrit
833 653 897 709 ei,
939 654 1123 709 quando
1155 655 1491 710 protrahuntur
1522 655 1775 699 secundum

89 718 434 774 rectitudinem,
466 719 515 762 in
545 723 692 776 parte,
724 719 772 763 in
805 733 896 776 qua
929 722 999 763 est
1024 722 1166 777 caput
1189 719 1448 777 piramidiS‚
1479 722 1591 764 tunc
1616 735 1775 778 super-

91 783 239 839 ficies,
289 799 427 842 super
466 799 605 842 quam
648 786 834 830 secatur
871 786 1086 842 piramis‚
1135 788 1182 831 et
1222 799 1361 842 quarn
1401 786 1612 831 continet
1651 787 1776 832 linea

90 851 300 905 muriani,
342 851 614 896 nominatur
645 853 788 896 sectio
823 851 1000 896 addita.
1062 851 1125 895 Et
1155 852 1194 896 si
1225 866 1315 896 non
1351 852 1609 908 equidistat
1638 852 1777 897 lateri
1801 864 1844 896 10

91 915 332 974 trianguli,
364 916 508 961 immo
543 918 744 962 occurrit
776 917 820 961 ei
851 916 899 961 in
930 920 1065 975 parte
1091 917 1200 974 alia,
1233 918 1282 961 in
1306 933 1400 975 qua
1422 933 1515 964 non
1540 921 1610 963 est
1634 920 1777 976 caput

90 982 348 1040 piramidis,
379 986 493 1029 ωηο
527 984 806 1041 superficies,
840 998 978 1041 super
1010 999 1150 1041 quam
1178 988 1360 1030 secatur
1383 984 1590 1042 piramis,
1625 985 1663 1029 si
1682 999 1777 1030 non

91 1050 163 1093 est
194 1048 412 1107 circulus,
449 1050 719 1095 nominatur
751 1050 896 1095 sectio
930 1049 1174 1096 diminuta.
1236 1050 1297 1096 Et
1328 1052 1513 1108 quando
1547 1053 1655 1096 sunt
1686 1052 1775 1096 due

3 1160 14 1172 .
92 1115 320 1160 sectiones
353 1115 528 1173 addite,
563 1115 731 1173 quibus
763 1118 836 1161 est
868 1116 1096 1162 diameter
1127 1119 1400 1174 communis,
1436 1119 1484 1162 et
1514 1118 1776 1176 gibbositas

91 1181 227 1225 unius
270 1195 429 1226 earum
469 1183 678 1237 sequitur
716 1182 1053 1239 gibbositatem
1086 1183 1299 1239 alterius,
1339 1186 1450 1228 tunc
1489 1184 1590 1240 ipse
1629 1183 1776 1230 nomi·
1803 1194 1845 1227 15

90 1250 261 1292 nantur
300 1249 389 1292 due
429 1249 661 1293 sectiones
703 1249 929 1306 opposite.
1006 1249 1069 1292 Et
1106 1249 1228 1294 inter
1267 1251 1383 1294 duas
1425 1250 1655 1295 sectiones
1698 1264 1778 1307 op-

91 1314 269 1370 positas
317 1316 388 1359 est
433 1316 680 1371 punctum,
729 1329 810 1372 per
857 1315 979 1370 quod
1030 1330 1189 1370 omnes
1237 1315 1359 1366 linee
1406 1330 1496 1372 que
1535 1318 1779 1361 transeunt

91 1383 198 1424 sunt
221 1380 437 1425 diametri
461 1381 655 1425 duarum
689 1381 945 1426 sectionum
979 1382 1309 1438 oppositarum.
1359 1382 1419 1426 Et
1441 1381 1529 1427 hoc
1552 1384 1779 1438 punctum
1842 1413 1851 1422 .

88 1445 355 1491 nominatur
379 1448 587 1491 centrum
614 1448 810 1491 duarum
843 1446 1113 1492 sectionum.
1176 1448 1238 1491 Et
1267 1447 1391 1491 intra
1422 1448 1675 1493 sectionem
1708 1449 1775 1493 di—

89 1511 316 1557 minutam
356 1514 428 1557 est
464 1515 710 1570 punctum,
757 1528 841 1570 per
880 1514 1005 1569 quod
1044 1527 1202 1559 omnes
1240 1513 1363 1559 linee
1402 1529 1490 1570 que
1528 1515 1772 1560 transeunt
1794 1527 1838 1560 20

91 1578 198 1622 sunt
237 1578 280 1624 ei
312 1578 542 1624 diametri.
605 1579 668 1623 Et
697 1578 786 1623 hoc
817 1581 1040 1637 punctum
1074 1581 1146 1625 est
1177 1583 1385 1625 centrum
1415 1580 1649 1626 sectionis.
1710 1582 1774 1625 Et

91 1657 196 1688 cum
227 1645 276 1689 in
307 1645 512 1690 sectione
545 1645 776 1690 diminuta
805 1647 1142 1702 protrahuntur
1174 1645 1414 1703 diametri,
1461 1649 1574 1692 tunc
1602 1647 1684 1692 ille
1717 1662 1773 1693 ex

88 1709 182 1754 illis
216 1710 467 1767 diametris,
502 1726 697 1768 quarum
723 1710 1040 1757 extremitates
1065 1712 1343 1769 perueniunt
1365 1714 1424 1757 ad
1450 1713 1771 1759 circumferen-

89 1775 205 1820 tiam
237 1776 454 1824 sectionis
486 1779 534 1823 et
564 1793 659 1824 non
682 1779 1012 1836 pertranseunt
1044 1792 1145 1823 eam
1176 1793 1262 1824 nec
1294 1779 1354 1822 ab
1380 1793 1436 1824 ea
1459 1779 1772 1837 abreuiantur,

39 1931 44 1935 .
209 1894 248 1933 2.
288 1891 471 1944 partem
506 1888 577 1934 0.
675 1902 762 1946 cap
765 1890 827 1933 ud
859 1889 963 1935 ΒΟ.
1085 1889 1339 1947 pyramidis
1371 1891 1430 1935 Β.
1552 1895 1594 1936 4.
1635 1865 1771 1947 eque,

90 1946 236 2004 distat
265 1949 325 1992 Β.
430 1948 561 2006 ωηο]
596 1949 644 1992 et
673 1950 785 1992 tunc
817 1949 877 1993 B.
938 1962 1023 2006 m9.
1059 1949 1203 1993 sectio
1234 1949 1406 1993 mukefi
1443 1949 1487 1995 Ο
1615 1955 1655 1995 5.
1689 1964 1772 2007 py-

91 2006 232 2049 ramis
265 2007 322 2051 Β.
472 2011 511 2051 6.
553 2007 745 2051 munaui
775 2008 836 2052 Β.
958 2007 1157 2065 mukefi]
1197 2009 1380 2052 mukesi
1410 2009 1481 2064 Β,·
1526 2005 1690 2052 gudita
1724 2008 1773 2066 0,

89 2100 175 2144 my.
209 2087 395 2132 mukefi.
491 2101 578 2145 m9.
612 2087 755 2132 sectio
788 2087 949 2131 addita
982 2089 1029 2133 Ο.
1123 2088 1387 2144 equedistet
1417 2090 1476 2133 Β.
1593 2095 1631 2134 7.
1666 2104 1771 2134 con-

93 2176 284 2219 currunt
313 2175 358 2219 Β
368 2210 383 2230 ,
432 2156 652 2232 occuprit‘
678 2175 722 2221 Ο.
846 2177 915 2235 ei]
950 2190 1034 2222 om.
1065 2177 1123 2221 Β.
1247 2176 1500 2221 secundum
1529 2177 1771 2222 rectitudi-

90 2233 218 2292 nem]
251 2247 334 2278 om.
372 2233 417 2279 G.
538 2239 578 2279 8.
610 2236 792 2290 partem
830 2234 874 2280 Ο.
968 2236 1119 2292 capud
1154 2235 1200 2292 G.
1291 2235 1546 2292 pyramidis
1577 2237 1637 2281 B.
1731 2242 1770 2281 9.
1800 2271 1802 2273 .

92 2294 314 2348 sequatur
345 2292 404 2337 Β.
496 2294 701 2349 pyramis
724 2293 783 2337 Β.
880 2298 947 2338 10.
981 2293 1175 2339 munaui
1205 2295 1263 2339 Β.
1358 2295 1520 2339 addita
1545 2295 1687 2340 sectio
1712 2297 1771 2340 Β.

148 2365 233 2409 m9.
260 2352 405 2396 sectio
430 2350 662 2396 diminuta
688 2352 733 2397 G.
841 2353 1103 2409 equedistet
1125 2354 1184 2398 Β.
1309 2358 1376 2399 11.
1403 2353 1519 2411 alia]
1545 2354 1695 2398 altera
1711 2356 1772 2399 B.

153 2410 306 2466 capud
341 2410 386 2454 Ο.
505 2415 571 2454 12.
605 2411 861 2468 pyramidis
893 2412 953 2457 Β.
1044 2413 1249 2469 pyramis
1282 2414 1341 2457 Β.
1451 2417 1517 2457 14.
1551 2426 1636 2469 m9.
1671 2413 1772 2457 dia-

92 2470 242 2512 meter
272 2468 489 2513 sectionis
525 2468 570 2514 0.
662 2470 910 2528 diameter]
943 2470 1183 2527 dyameter
1213 2472 1276 2527 B,
1310 2471 1535 2515 diameter
1565 2472 1772 2528 gibbosi-

95 2528 168 2570 tas
195 2527 241 2571 0.
336 2527 403 2586 et]
436 2540 519 2572 om.
546 2528 605 2573 Β.
700 2533 768 2573 15.
801 2528 1155 2587 gibbositatem]
1181 2530 1525 2587 gybbositatem
1548 2532 1608 2575 Β.
1703 2535 1770 2577 16.

93 2598 179 2642 m9.
213 2585 442 2630 sectiones
475 2587 688 2643 opposite
725 2587 770 2632 G.
901 2591 971 2631 18.
1004 2590 1110 2631 sunt
1138 2545 1384 2647 difftmetri]
1419 2602 1557 2645 super
1587 2589 1772 2646 dyame-

93 2644 215 2687 trum
248 2645 309 2689 Β.
434 2649 502 2689 19.
536 2659 627 2712 m9.
661 2647 868 2690 centrum
903 2646 1123 2691 sectionis
1159 2647 1204 2692 Ο.
1326 2648 1543 2706 duarum]
1578 2648 1772 2691 duarum

93 2699 322 2747 linearum
353 2703 411 2748 B.-
532 2703 676 2762 intra]
716 2704 840 2749 inter
872 2705 918 2750 Ο.
1064 2710 1133 2751 20.
1175 2706 1273 2764 est]
1314 2707 1362 2749 et
1395 2704 1442 2750 0.
1586 2711 1656 2750 21.
1698 2706 1770 2764 ei]

64 2828 67 2830 q
95 2775 191 2819 eius
226 2776 272 2821 Ο.
402 2776 462 2833 dy
465 2777 631 2820 ametri
662 2779 722 2822 Β.
850 2783 921 2822 22.
963 2780 1087 2837 cum]
1126 2782 1177 2823 tn
1213 2793 1330 2823 cum.
1356 2780 1417 2823 Β.
1546 2792 1632 2836 m9.
1674 2779 1772 2823 dia-

93 2837 240 2878 meter
270 2836 515 2893 mugenibg,
549 2835 595 2880 G.
702 2836 932 2893 dyametri
962 2837 1021 2883 Β.
1144 2843 1214 2882 23.
1249 2836 1500 2893 dyametris
1531 2837 1591 2881 Β.
1657 2847 1661 2850 ’
1699 2842 1772 2883 24.

4 2919 7 2921 Δ
94 2891 153 2936 ab
185 2894 260 2951 ea]
294 2907 374 2938 om.
412 2893 457 2939 Ο.
