2046 3224
706 163 1112 204 PROLEGOMEN
1114 164 1166 205 A.
1627 162 1792 206 LXXV

15 291 17 293 “
104 280 253 336 ipsius
274 279 484 324 sectionis
504 313 512 322 .
533 310 543 322 .
564 315 572 324 .
591 279 671 323 hoc
694 283 844 323 autem
866 280 1076 323 similiter
1100 281 1450 325 demonstratum
1467 284 1529 325 est
1547 281 1604 325 ab
1620 280 1792 336 App-ol-

104 346 226 391 lonio
259 345 425 401 Pergseo
465 346 516 389 in
558 346 673 389 libro
711 346 764 389 cle
805 345 986 390 Conicis
1025 347 1247 391 elementis
1287 346 1342 405 [1,
1372 347 1471 405 11],
1510 351 1552 392 et
1581 360 1664 390 nos
1694 347 1792 401 ipso

105 416 283 457 utemur
329 416 381 456 ut
426 412 740 456 demonstrato.
810 412 919 456 haec
958 425 1064 456 uero
1103 414 1193 457 duo
1233 414 1506 457 theoremata
1545 427 1645 458 cum
1685 414 1794 457 aliis

24 488 26 490 ’
104 478 374 535 Appollonii
397 478 743 523 theorematibus
767 478 818 521 in
837 479 1070 534 principio
1097 479 1206 523 libr-i
1228 492 1321 523 non
1345 479 1788 533 connumerauimus,

104 545 215 600 quia
244 545 389 589 solum
420 543 514 588 illis
545 545 798 602 indiyemus
830 545 891 589 acl
922 545 1145 589 theorema
1175 546 1442 602 subsequens
1466 546 1788 602 eoeplieandum
1837 553 1858 586 5

104 615 147 655 et
182 611 311 655 nullo
350 611 546 655 aliorum
572 611 902 655 theorematum
942 611 1079 655 totius
1117 612 1212 655 eius
1243 612 1367 656 libri.
1430 612 1714 668 usurpantur
1744 611 1792 654 in
1881 607 1892 617 ”

103 675 182 732 ΙΧ,
208 681 279 732 41,
321 689 440 732 quae
479 676 603 733 sicut
638 675 780 720 etiam
819 675 851 732 I,
881 681 963 720 117
1005 679 1053 721 et
1092 676 1169 732 IX,
1195 681 1370 721 42-44
1411 692 1466 721 ex
1506 677 1599 722 alio
1631 677 1791 721 libello

106 741 329 800 Alhazeni
376 743 431 787 de
472 743 665 799 speculis
703 743 1065 787 comburentibus
1103 746 1289 799 sumpta
1329 746 1409 788 est.
1480 743 1530 787 in
1571 743 1791 799 interpre—

105 809 282 853 tatione
344 808 512 852 Latina
551 807 730 853 inedita
766 809 903 853 huius
937 809 1168 865 opusculi,
1212 809 1341 854 cuius
1374 809 1512 853 multi
1544 811 1793 866 supersunt

108 875 289 920 codices
322 875 472 932 (uelut
503 874 720 922 Ottobon.
759 878 871 919 1850
905 874 1146 919 Guillelmi
1178 876 1234 919 de
1266 876 1506 931 Morbeca,
1545 874 1686 920 amici
1716 875 1792 919 Ui·
1819 886 1861 918 1ο

108 940 349 996 1611101116),
381 941 458 996 1Χ,
485 946 542 986 40
575 944 627 986 ut
656 941 897 998 Apollonii
920 942 1100 986 citatur
1132 943 1267 995 (sicut
1297 943 1491 987 ostendit
1522 942 1796 999 Apollonius

108 1009 251 1052 bonus
292 1009 344 1052 in
376 1008 491 1052 libro
523 1009 577 1052 de
601 1008 965 1066 pyramidibus),
1005 1008 1082 1064 IX,
1109 1013 1164 1052 39
1197 1010 1447 1065 usurpatur
1474 1008 1561 1070 villa
1593 1006 1794 1064 quidem,

109 1073 192 1118 sed
221 1075 269 1118 in
301 1087 356 1118 ea
386 1072 832 1130 Apollonii.mentio
865 1088 956 1118 non
990 1075 1052 1118 fit.
1113 1073 1272 1131 itaque
1305 1088 1493 1119 necesse
1528 1076 1612 1130 est,
1647 1075 1795 1119 Uitel-

106 1139 279 1185 lionem
302 1139 454 1197 ipsum
478 1139 776 1196 Apollonium
801 1140 850 1183 in
875 1140 1087 1185 manibus
1113 1141 1346 1196 habuisse,
1378 1154 1663 1197 quamquam
1687 1155 1792 1185 eum

105 1221 199 1257 non
232 1219 413 1262 semper
445 1205 624 1261 citauit,
656 1207 736 1251 ubi
767 1207 984 1262 potuerat
1015 1207 1074 1262 (11.
1102 1221 1138 1252 c.
1165 1207 1198 1261 I,
1226 1211 1295 1262 90,
1323 1211 1392 1260 91,
1421 1212 1519 1263 100,
1549 1209 1665 1261 103).
1819 1215 1861 1248 15

227 1274 275 1316 et
313 1272 407 1316 alia
446 1285 628 1328 quoque
667 1271 871 1329 uestigia
906 1275 1170 1329 supersunt,
1211 1274 1333 1317 unde
1366 1274 1586 1329 adparet,
1625 1271 1795 1318 Conica

108 1352 163 1383 60
194 1340 404 1413 tempore
435 1353 528 1383 non
560 1351 746 1395 prorsus
777 1339 940 1395 ignota
973 1339 1115 1384 fuisse
1154 1339 1275 1384 inter
1314 1338 1642 1384 occidentales.
1716 1353 1792 1382 ex-

113 1406 206 1449 stat
248 1404 370 1463 enim
410 1404 597 1448 initium
637 1403 1038 1461 interpretationis
1072 1405 1286 1461 Latinae,
1320 1406 1443 1460 quod
1475 1405 1594 1449 infra
1629 1420 1652 1449 e
1705 1412 1975 1452 interpretatio
2038 1443 2041 1446 .

112 1459 347 1515 codicibus
379 1470 523 1516 Paris
558 1471 639 1514 lat.
666 1474 781 1514 9335
807 1470 885 1514 fol.
913 1476 997 1515 85¹1
1029 1484 1146 1516 saec.
1178 1470 1283 1516 XIV
1296 1471 1338 1528 ²¹⁶)
1371 1471 1462 1528 (A),
1495 1471 1656 1515 Dresd.
1744 1458 1952 1535 Sssfflffin

16 1529 22 1535 ’
107 1536 188 1580 Db
204 1537 477 1581 86101277ιι
494 1550 613 1581 saec
626 1535 733 1579 XIV
746 1537 834 1594 (Β),
855 1537 1020 1602 Regin.
1036 1537 1115 1581 lat.
1137 1537 1340 1582 1012101.
1356 1542 1441 1581 74ε
1449 1551 1540 1582 aec.
1554 1537 1658 1580 XIV
1818 1555 1861 1586 20

19 1621 22 1624 ⁴
111 1601 179 1659 (C)
215 1596 355 1656 dabo,
387 1601 437 1646 in
460 1602 502 1644 A
525 1602 689 1646 titulus
716 1605 806 1647 est:
831 1604 923 1648 ista
946 1617 1060 1659 quae
1083 1609 1334 1659 sequuntur
1358 1604 1541 1648 suntin
1562 1604 1794 1659 przncipio

111 1669 220 1713 libri
250 1669 489 1724 Apollonii
519 1670 573 1713 de
596 1670 946 1727 pyramidibu83
976 1674 1083 1713 sunt
1115 1670 1372 1725 axiomata,
1403 1684 1516 1725 cuae
1545 1671 1795 1726 praemittit

108 1736 160 1779 in
198 1736 314 1779 libro
349 1735 452 1788 ill03
500 1735 548 1778 in
582 1734 636 1778 C:
677 1736 768 1779 ista
805 1740 915 1779 sunt
953 1736 1004 1779 in
1039 1737 1273 1791 princ-ipro
1315 1704 1423 1780 libri
1462 1736 1704 1791 Apollonii
1741 1737 1795 1780 cle

104 1801 416 1858 piramidibus
455 1805 495 1845 et
532 1806 642 1845 sunt
679 1801 970 1854 anxiomata,
1009 1815 1123 1857 quae
1153 1803 1412 1857 praemittit
1450 1802 1503 1845 in
1542 1803 1657 1846 libro
1688 1815 1795 1857 suo;

111 1868 263 1913 valent
300 1867 436 1911 etiam
475 1868 536 1911 acl
576 1867 740 1912 libram
779 1868 833 1911 de
870 1868 1063 1924 speculis
1094 1868 1475 1923 comburentibus;
1516 1867 1565 1911 in
1595 1868 1632 1911 B
1664 1867 1793 1911 nulla
1817 1876 1859 1909 25

109 1932 364 1993 inscriptio.

231 1999 345 2043 Cum
391 1999 687 2043 continuatur
731 1998 853 2043 inter
895 2001 1119 2055 punctum
1159 1999 1351 2055 aliquod
1391 2000 1439 2044 et
1476 2000 1649 2045 lineam
1689 2014 1794 2057 con-

112 2065 339 2110 tinentem
372 2063 592 2109 circulum
625 2079 708 2120 per
737 2064 910 2108 lineam
943 2066 1141 2120 rectam,
1182 2066 1230 2108 et
1262 2064 1459 2110 circulus
1493 2067 1540 2109 et
1571 2067 1795 2123 punctum

113 2146 207 2176 non
239 2132 346 2175 sunt
375 2130 423 2174 in
455 2130 695 2186 superficie
727 2145 832 2186 una,
867 2133 914 2174 et
945 2130 1207 2175 extrahitur
1238 2129 1363 2175 linea
1394 2134 1522 2176 recta
1553 2132 1603 2175 in
1634 2133 1794 2176 ambas

111 2200 284 2255 partes,
317 2198 364 2241 et
393 2196 553 2253 figitur
583 2198 807 2252 punctum
837 2197 919 2251 ita,
950 2199 1002 2241 ut
1032 2210 1125 2240 non
1156 2198 1421 2253 moueatur,
1459 2198 1507 2241 et
1537 2197 1795 2241 reuoluitur
1819 2207 1863 2239 30

112 2264 238 2308 linea
269 2264 398 2307 recta
429 2276 566 2318 super
597 2261 864 2319 periferiam
897 2261 1072 2318 circuli,
1106 2264 1253 2307 donec
1284 2262 1446 2307 redeat
1477 2264 1535 2306 acl
1568 2264 1736 2319 locum,
1767 2277 1795 2306 a

236 2412 277 2466 *)
309 2410 378 2453 De
409 2410 499 2453 hoc
531 2409 688 2453 codice
720 2409 905 2453 notauit
935 2408 1120 2453 Leclerc
1153 2408 1357 2454 Histoire
1390 2410 1446 2453 de
1478 2411 1525 2453 la
1556 2410 1793 2454 medecine

115 2468 267 2513 Arabe
300 2469 344 2511 Π
374 2482 417 2523 p.
443 2471 543 2512 491.
592 2468 747 2511 exstat
778 2468 920 2511 etiam
950 2468 998 2511 in
1030 2468 1130 2512 cod.
1156 2467 1300 2513 Paris.
1324 2468 1406 2512 lat.
1434 2473 1550 2512 8680
1582 2482 1610 2511 a
1631 2468 1710 2513 fol.
1739 2474 1795 2513 64

118 2541 235 2572 saec.
268 2526 376 2570 X1V
416 2527 524 2582 (ista
563 2529 668 2570 sunt
706 2541 823 2582 quae
863 2528 1118 2582 sequuntur
1157 2527 1206 2570 in
1245 2526 1472 2583 principio
1514 2527 1622 2570 libri
1654 2526 1794 2582 Apol.-

114 2585 230 2630 lonii
270 2587 326 2629 de
358 2585 695 2641 piramidibus).
759 2585 858 2629 cod..
894 2584 926 2629 O
966 2584 1104 2629 solita
1140 2585 1468 2629 beneuolentia
1507 2599 1613 2628 mea
1653 2598 1796 2629 causa

116 2643 363 2700 descripsit
386 2643 624 2698 Augustus
651 2644 779 2694 Mau3
815 2643 986 2687 codicis
1020 2643 1056 2686 B
1088 2643 1341 2699 imaginem
1373 2643 1795 2700 photographicam

115 2703 430 2747 intercedente
462 2701 709 2746 Hultschio
742 2718 784 2746 11.
820 2716 856 2746 c.
888 2716 971 2758 per
1002 2701 1388 2746 Buttner-Wobst
1419 2701 1592 2757 accepi.

237 2866 305 2906 29.
340 2862 452 2919 non]
485 2875 567 2906 om.
593 2861 649 2905 B.
752 2868 821 2907 30.
853 2878 946 2907 non
970 2863 1234 2919 moueatur]
1259 2863 1553 2905 remoueatur
1578 2860 1634 2904 A.
1727 2875 1795 2906 16-

117 2920 333 2965 11011131111·
369 2920 413 2965 Ο.
536 2925 605 2964 31.
639 2921 904 2976 1)61·11“31·1,1111
939 2921 997 2966 Β.
