2020 3236
139 1138 193 1178 10

136 1583 191 1623 15

132 2028 191 2068 ΞΟ

233 112 342 166 346
711 115 1151 158 COMMENTARIA
1181 115 1462 170 ANTIQUA.

230 231 336 303 τὴν
374 234 488 288 τῶν
530 237 654 302 ΓΑ,
687 239 796 287 ΖΑ
832 230 1132 306 ὑπεροχήν.
1200 234 1292 290 καὶ
1333 234 1449 290 ἐπεὶ
1486 238 1644 307 ζητῶ,
1684 240 1740 291 εἴ
1764 235 1933 306 ἐστιν,

231 319 305 387 ὡς
359 319 393 393 ἡ
443 326 561 378 ΓΗ
599 320 740 392 πρὸς
788 326 921 393 ΓΑ,
967 320 1001 394 ἡ
1040 328 1154 378 ΗΖ
1200 324 1340 395 πρὸς
1380 329 1514 395 ΖΑ,
1562 325 1835 397 δεικτέον,
1881 332 1940 382 εἴ

230 412 407 481 ἐστιν,
457 408 531 477 ὡς
579 408 679 483 ὅλη
728 411 762 483 ἡ
810 417 931 468 ΗΓ
969 412 1108 482 πρὸς
1156 410 1294 484 ὅλην
1339 411 1445 484 τὴν
1491 418 1624 485 ΓΛ,
1673 411 1850 481 οὕτως
1896 411 1931 485 ἡ

229 497 606 571 ἀφαιρεθεῖσα
652 498 686 571 ἡ
738 506 859 556 ΖΗ
895 501 1037 573 πρὸς
1083 500 1498 573 ἀφαιρεθεῖσαν
1542 501 1645 574 τὴν
1684 508 1793 558 ΑΖ
1838 505 1933 559 καὶ

228 587 393 661 λοιπή
434 588 467 661 ἡ
502 594 603 645 ΓΖ
643 588 781 662 πρὸς
820 589 1023 662 λοιπὴν
1054 588 1157 662 τὴν
1188 593 1301 647 τῶν
1336 596 1460 662 ΓΛ,
1496 597 1605 647 ΖΑ
1635 589 1931 664 ὑπεροχήν.

230 679 478 735 δεικτέον
526 678 660 751 ἄρα,
706 678 791 735 ὅτι
831 680 1008 751 ἐστίν,
1057 677 1131 745 ὡς
1169 677 1203 751 ἡ
1243 685 1363 736 ΗΓ
1394 679 1535 753 πρὸς
1573 685 1705 747 ΓΑ,
1753 678 1788 752 ἡ
1829 685 1931 737 ΓΖ

226 767 368 838 πρὸς
404 766 507 839 τὴν
547 772 659 823 τῶν
701 772 825 839 ΓΑ,
860 775 967 823 ΖΑ
1005 766 1302 841 ὑπεροχήν.

818 932 1059 997 ’Ἄλλως
1097 953 1166 988 το
1207 931 1316 991 λς’.

323 1033 613 1091 ’Έστωσαν
652 1033 1028 1107 ἆντικείμεναι
1069 1038 1131 1090 αἱ
1166 1043 1237 1107 Α,
1270 1042 1322 1092 Λ
1360 1036 1452 1092 καὶ
1484 1034 1838 1109 ἄσύμπτωτοι
1872 1039 1935 1092 αἱ

226 1129 362 1196 ΒΚ,
420 1130 532 1180 ΓΔ
584 1125 678 1180 καὶ
729 1126 1083 1197 ἐφαπτομένη
1132 1125 1167 1197 ἡ
1215 1131 1391 1181 ΒΑΛ
1435 1127 1528 1182 καὶ
1576 1128 1846 1198 διηγμένη
1894 1123 1930 1198 ἡ

226 1218 526 1268 ΛΚΛΗΖ
573 1213 666 1268 καὶ
710 1217 775 1287 τῇ
818 1218 930 1269 ΓΔ
973 1213 1330 1286 παράλληλος
1375 1214 1410 1286 ἡ
1458 1221 1581 1270 ΑΖ.
1660 1215 1927 1287 δεικτέον,

226 1300 314 1360 ὅτι
355 1303 524 1373 ἐστίν,
565 1302 640 1368 ὡς
678 1301 712 1374 ἡ
753 1308 862 1358 ΛΖ
900 1305 1042 1374 πρὸς
1082 1308 1207 1375 ΖΗ,
1247 1301 1281 1375 ἡ
1323 1310 1439 1359 ΛΔ
1476 1303 1615 1377 πρὸς
1653 1310 1789 1361 ΔΗ.

339 1391 650 1464 ἐπεζεύχθω
699 1389 733 1463 ἡ
775 1397 903 1448 ΑΗ
941 1393 1034 1448 καὶ
1082 1393 1463 1465 ἐκβεβλήσθω·
1511 1394 1765 1466 φανερὸν
1805 1387 1930 1466 οὖν,

226 1479 313 1537 ’ὅτι
352 1488 444 1553 ἴση
485 1481 637 1537 ἐστὶν
675 1479 709 1552 ἡ
745 1487 855 1537 ΘΑ
891 1485 957 1555 τῇ
992 1488 1108 1539 ΕΗ
1137 1483 1228 1537 καὶ
1261 1480 1294 1553 ἡ
1330 1487 1451 1537 ΘΗ
1473 1486 1539 1556 τῇ
1572 1489 1699 1541 ΑΕ.
1767 1481 1927 1556 ἤχθω

225 1569 319 1626 διὰ
363 1573 468 1626 τοῦ
506 1576 563 1625 A
607 1569 755 1642 παρὰ
800 1570 904 1642 τὴν
945 1576 1056 1626 ΘΓ
1092 1569 1126 1642 ἡ
1167 1577 1316 1626 AM·
1366 1578 1457 1643 ἴση
1498 1572 1609 1643 ἄρα
1646 1570 1681 1644 ἡ
1721 1578 1832 1628 BA
1862 1575 1928 1646 τῇ

224 1667 343 1715 AA
387 1661 479 1715 καὶ
527 1657 561 1731 ἡ
609 1667 718 1716 ΘΑ
768 1670 832 1733 τῇ
880 1667 1022 1716 AM.
1099 1660 1134 1732 ἡ
1185 1662 1292 1733 ἄρα
1347 1666 1485 1716 ΜΗ
1520 1658 1765 1734 ὑπεροχή
1814 1664 1928 1718 ἐστι

223 1751 335 1804 τῶν
399 1754 532 1818 ΘΑ,
579 1754 716 1819 ΑΗ,
779 1750 1030 1804 τουτέστι
1090 1751 1202 1805 τῶν
1255 1755 1396 1821 ΑΗ,
1444 1754 1574 1804 ΗΕ.
1665 1750 1758 1806 καὶ
1805 1750 1923 1806 ἐπεὶ

222 1835 579 1908 παράλληλός
625 1838 777 1892 ἐστιν
823 1835 856 1908 ἡ
904 1842 1020 1892 ΒΚ
1060 1840 1127 1909 τῇ
1177 1843 1323 1908 ΛΜ,
1379 1841 1530 1893 ἔστιν
1576 1837 1713 1910 ἄρα,
1768 1836 1846 1905 ὥς
1890 1837 1925 1911 ἡ

223 1931 339 1980 ΘΗ
372 1930 511 1996 πρὸς
549 1930 698 1996 ΗΜ,
737 1922 771 1996 ἡ
814 1931 942 1980 ΚΗ
972 1926 1111 1995 πρὸς
1149 1931 1283 1981 HA.
1358 1932 1450 1997 ἴση
1491 1925 1555 1982 δὲ
1593 1924 1627 1998 ἡ
1668 1927 1770 1999 μὲν
1809 1934 1925 1984 ΗΘ

222 2015 288 2086 τῇ
329 2020 458 2085 ΑΕ,
498 2011 531 2084 ἡ
575 2013 635 2068 δὲ
676 2019 793 2068 ΛΔ
831 2023 896 2087 τῇ
937 2019 1078 2068 ΚΗ·
1121 2011 1195 2079 ὡς
1233 2011 1341 2086 ἄρα
1381 2011 1415 2085 ἡ
1457 2020 1575 2069 ΛΔ
1611 2016 1752 2086 πρὸς
1785 2022 1925 2088 ΔΗ,

344 2213 381 2251 1.
418 2206 521 2279 ΓΑ]
559 2209 645 2250 ΓΖ
677 2207 794 2264 Wp,
827 2219 943 2250 corr.
978 2205 1154 2251 Comm.
1279 2204 1349 2265 εἰ]
1384 2202 1413 2263 ἡ
1448 2207 1562 2264 Wp,
1597 2220 1713 2252 corr.
1743 2205 1919 2255 Comm.

281 2271 322 2310 2.
358 2268 586 2322 δεικτεον,
619 2267 670 2310 εἴ
695 2262 842 2325 ἐστιν]
876 2266 955 2310 uix
978 2280 1165 2322 sanum,
1199 2265 1412 2310 δεικτέον
1435 2261 1466 2322 ἤ
1491 2262 1617 2311 ἐστιν
1649 2266 1764 2324 Wp,
1798 2269 1923 2313 δεικ-

222 2324 331 2369 τέον
363 2321 437 2369 ὅτι
467 2324 653 2382 Halley.
773 2330 815 2370 3.
847 2321 1038 2383 ἡ(8,11;.)]
1073 2324 1165 2369 del.
1197 2324 1379 2381 Halley.
1491 2330 1533 2369 4.
1566 2321 1917 2387 ἀφαιρεθεῖσα]

222 2398 339 2429 corr.
366 2398 423 2429 ex
454 2381 768 2441 ἄφαιρεθῆσα
799 2400 860 2430 m.
891 2391 912 2428 1
939 2385 1015 2431 W.
1127 2387 1167 2429 5.
1203 2385 1307 2441 ΓΑ]
1342 2386 1427 2427 ΓΖ
1457 2383 1576 2442 Wp,
1610 2398 1725 2431 corr.
1744 2384 1919 2432 Comm.

282 2448 322 2488 6.
356 2442 600 2488 δέδεικται
626 2442 680 2488 δέ
712 2443 896 2500 Halley.
999 2448 1039 2488 7.
1073 2443 1176 2501 ΓΑ]
1213 2446 1257 2487 Γ
1285 2443 1401 2500 Wp,
1434 2457 1551 2489 corr.
1576 2443 1751 2490 Comm.
1848 2450 1918 2491 11.

220 2503 495 2561 AKAHZ]
546 2505 796 2546 HAAHZ
834 2503 959 2559 Wp,
1010 2516 1126 2548 corr.
1163 2501 1337 2547 Comm.
1474 2503 1579 2562 AZ]
1627 2506 1763 2548 ΑΖΔ
1801 2506 1918 2563 Wp,

222 2575 336 2607 corr.
371 2561 549 2607 Comm.
706 2566 774 2606 12.
805 2562 920 2620 ΛΔ]
950 2566 1038 2606 ΑΔ
1071 2562 1185 2637 Ἤρ,
1219 2574 1337 2607 corr.
1369 2561 1545 2606 Comm.
1693 2568 1761 2608 13.
1795 2564 1918 2623 ΑΗ]

219 2625 301 2665 AB
336 2621 411 2677 W,
442 2623 532 2665 ΑΘ
563 2636 608 2678 p,
643 2634 757 2666 corr.
793 2622 970 2666 Comm.
1109 2621 1218 2679 ουν]
1253 2635 1341 2666 om.
1374 2636 1420 2678 p.
1575 2626 1645 2666 14.
1678 2618 1708 2679 ἡ
1743 2623 1828 2666 ΘΑ
1861 2649 1918 2656 -

220 2681 329 2739 καί]
364 2679 436 2725 bis
471 2681 530 2724 W
563 2680 729 2735 (altero
761 2679 866 2724 loco
900 2682 1009 2724 ante
1042 2683 1146 2724 ΕΗ
1171 2695 1262 2724 ras.
1298 2684 1320 2723 1
1354 2679 1481 2736 litt).
1614 2685 1684 2732 15.
1717 2677 1746 2737 ἡ
1780 2684 1916 2741 AM]

223 2742 391 2784 HAM
415 2738 531 2796 Wp,
564 2752 680 2784 corr.
708 2738 881 2783 Comm.
1007 2744 1076 2784 16.
1111 2737 1237 2784 ἐστιν
1268 2740 1343 2784 Ἤ.
1469 2744 1536 2784 17.
1569 2739 1810 2785 τουτέστιν
1845 2741 1916 2788 W.

280 2800 374 2843 τῶν
406 2825 463 2832 -
497 2795 627 2856 ἐπεί]
661 2798 830 2855 Halley
860 2811 963 2842 cum
998 2798 1189 2857 Comm.,
1227 2798 1380 2842 lacun.
1413 2797 1527 2855 Wp,
1683 2804 1751 2844 19.
1791 2801 1914 2860 ΘΗ]

224 2859 328 2901 ΘΝ
355 2873 400 2915 p.
552 2855 670 2914 πρός
695 2859 800 2914 (pr.)
835 2883 889 2891 —
924 2859 1049 2916 HA]
1091 2859 1242 2903 lacun.
1275 2857 1398 2914 Wp,
1445 2870 1560 2902 corr.
1594 2871 1688 2916 mg.
1722 2874 1783 2904 m.
1816 2865 1842 2904 2
1875 2861 1916 2905 U

219 2913 418 2973 (οὕτως
446 2913 509 2973 ἡ).
