2020 3236
231 120 342 173 274
702 122 1142 166 COMMENTARIA
1173 121 1455 175 ANTIQUA.

769 258 883 321 Εἰς
921 252 1038 311 τὸν
1080 255 1406 325 ἐπίλογον.

351 359 481 431 Τὴν
544 357 612 415 ἐκ
673 362 784 430 τῆς
846 358 1164 430 γενέσεως
1220 358 1579 432 διάμετρον
1631 358 1779 431 λέγει
1832 358 1938 433 τὴν

232 450 548 520 γεναμένην
597 445 660 504 ἐν
707 450 783 524 τῷ
829 447 994 523 κώνῳ
1041 447 1242 519 κοινὴν
1281 447 1460 520 τομὴν
1499 449 1602 504 τοῦ
1640 449 1941 521 τέμνοντος

232 536 501 593 ἐπιπέδου
545 535 640 592 καὶ
686 539 787 593 τοῦ
836 537 931 592 διὰ
978 539 1082 592 τοῦ
1131 534 1332 603 ἄξονος
1375 535 1678 610 τριγώνου·
1728 537 1938 610 ταύτην

177 637 202 676 5
237 626 299 682 δὲ
330 627 427 682 καῖ
456 623 693 698 ἄρχικὴν
726 624 1026 698 διάμετρον
1059 625 1219 697 λέγει.
1289 629 1389 681 καί
1415 642 1610 698 φησιν,
1643 626 1729 683 ὅτι
1760 626 1942 685 πάντα

231 714 298 770 τὰ
332 715 662 787 δεδειγμένα
695 716 1070 786 συμπτώματα
1102 717 1217 770 τῶν
1248 722 1436 786 τομῶν
1459 712 1522 772 ἐν
1546 722 1663 782 τοῖς
1685 736 1941 790 προειρη-

233 806 422 876 μένοις
483 802 847 877 θεωρήμασιν
910 800 1282 875 ὑποθεμένων
1343 800 1503 876 ἡμῶν
1556 803 1657 871 τὰς
1710 791 1944 878 ἀρχικὰς

234 896 564 967 διαμέτρους
596 896 928 965 συμβαίνειν
963 891 1236 949 δύνανται
1267 892 1360 948 καὶ
1385 896 1498 949 τῶν
1531 893 1719 950 ἄλλων
1743 898 1940 951 πασῶν

235 984 551 1056 διαμέτρων
590 979 1032 1053 ὑποτιθεμένων.

148 1155 204 1195 10
897 1148 1015 1209 Εἰς
1054 1142 1123 1200 τὸ
1164 1142 1285 1199 νδ’.

346 1250 478 1305 Καὶ
526 1247 860 1305 ἀνεστάτω
911 1245 1031 1304 ἀπὸ
1071 1250 1183 1319 τῆς
1222 1253 1331 1303 ΑΒ
1371 1246 1688 1306 ἐπίπεδον
1730 1246 1943 1322 ὀρθὸν

235 1337 396 1411 πρὸς
449 1337 520 1394 τὸ
577 1335 1024 1407 ὑποκείμενον
1080 1333 1424 1407 ἐπίπεδον,
1479 1337 1587 1393 καὶ
1641 1336 1711 1393 ἐν
1766 1336 1939 1413 αὐτῷ

235 1427 383 1500 περὶ
428 1425 548 1498 τὴν
589 1432 699 1481 ΑΒ
739 1424 1100 1497 γεγράφθω
1140 1423 1381 1490 κύκλος
1421 1424 1450 1481 ὁ
1491 1432 1737 1497 ΑΕΒΖ,
1778 1424 1942 1483 ὥστε

235 1520 304 1572 τὸ
351 1518 567 1587 τμῆμα
613 1523 728 1587 τῆς
775 1514 1134 1587 διαμέτρου
1181 1516 1296 1570 τοῦ
1342 1513 1593 1571 κύκλου
1639 1518 1708 1571 τὸ
1748 1512 1818 1571 ἐν
1857 1525 1940 1590 τῷ

148 1615 204 1655 15
239 1611 404 1660 ΑΕΒ
443 1603 726 1676 τμήματι
765 1602 927 1676 πρὸς
957 1602 1028 1658 τὸ
1068 1611 1277 1675 τμῆμα
1314 1605 1427 1674 τῆς
1466 1604 1828 1677 διαμέτρου
1866 1625 1938 1659 το

238 1692 305 1751 ἐν
359 1697 442 1769 τῷ
485 1699 648 1749 ΑΖΒ
702 1691 990 1764 τμήματι
1046 1689 1128 1764 μὴ
1183 1694 1454 1763 μείζονα
1507 1691 1711 1764 λόγον
1763 1696 1940 1765 ἔχειν

238 1786 356 1839 τοῦ
397 1780 471 1838 ὃν
513 1786 647 1854 ἔχει
685 1779 720 1853 ἡ
761 1787 870 1836 AB
909 1779 1071 1853 πρὸς
1105 1785 1242 1850 ΒΓ]
1286 1784 1536 1836 ἔστωσαν
1577 1781 1682 1837 δύο
1717 1779 1940 1838 εὐθεῖαι

239 1875 300 1928 αἱ
351 1877 488 1942 ΑΒ,
528 1876 659 1942 ΒΓ,
714 1870 806 1925 καὶ
862 1870 996 1925 δέον
1052 1873 1190 1925 ἔστω
1245 1869 1370 1941 περὶ
1424 1867 1529 1940 τὴν
1575 1876 1685 1926 ΑΒ
1729 1870 1940 1927 κύκλον

241 1962 470 2031 γράψαι,
504 1958 643 2015 ὥστε
674 1959 780 2030 τὴν
814 1957 1117 2030 διάμετρον
1150 1955 1326 2014 αὐτοῦ
1358 1958 1663 2030 τέμνεσθαι
1693 1956 1802 2015 ὑπὸ
1833 1962 1931 2031 τῆς

149 2059 207 2099 20
242 2054 349 2105 AB
391 2046 592 2119 οὕτως,
635 2045 774 2104 ὥστε
811 2050 873 2103 τὸ
913 2049 1050 2120 πρὸς
1088 2049 1164 2122 τῷ
1206 2051 1260 2101 Γ
1290 2047 1456 2119 μέρος
1495 2045 1667 2119 αὐτῆς
1705 2051 1843 2120 πρὸς
1871 2051 1935 2105 τὸ

239 2141 437 2194 λοιπὸν
477 2136 551 2209 μὴ
586 2139 810 2209 μείζονα
849 2135 1023 2206 λόγον
1064 2136 1209 2206 ἔχειν
1247 2143 1350 2191 τοῦ
1383 2136 1480 2205 τῆς
1511 2140 1618 2190 ΑΒ
1651 2137 1788 2206 πρὸς
1818 2140 1939 2192 ΒΓ.

351 2224 674 2282 ὑποκείσθω
723 2225 824 2296 μὲν
879 2226 989 2279 νῦν
1030 2221 1131 2279 τὸν
1179 2220 1377 2294 αὐτόν,
1427 2224 1519 2279 καὶ
1564 2222 1857 2296 τετμήσθω
1905 2222 1939 2295 ἡ

239 2322 349 2371 AB
399 2319 527 2387 δίχα
572 2313 711 2370 κατὰ
757 2313 820 2369 τὸ
871 2319 950 2382 Δ,
996 2311 1089 2367 καὶ
1136 2310 1211 2366 δι’
1265 2309 1442 2368 αὐτοῦ
1480 2310 1619 2384 πρὸς
1658 2309 1838 2384 ὀρθὰς
1873 2314 1940 2385 τῇ

241 2410 350 2459 ΑΒ
405 2402 565 2474 ἤχθω
621 2400 655 2473 ἡ
705 2407 901 2472 ΕΔΖ,
955 2400 1049 2455 καὶ
1103 2401 1401 2471 γεγονέτω,
1447 2397 1520 2465 ὡς
1565 2398 1600 2471 ἡ
1647 2406 1756 2455 ΑΒ
1802 2399 1943 2472 πρὸς

363 2570 405 2610 3.
437 2561 727 2638 γεναμένην]
753 2563 827 2618 W,
862 2560 1125 2620 γενομένην
1149 2578 1193 2620 p.
1308 2566 1349 2606 5.
1383 2561 1658 2634 διάμετρον]
1682 2576 1728 2619 p,
1760 2577 1822 2608 m.
1846 2574 1938 2607 rec.

242 2625 317 2681 W,
357 2624 439 2669 καὶ
470 2622 674 2681 ἄμετρον
711 2636 773 2666 m.
810 2625 832 2663 1
868 2621 941 2666 W.
1096 2626 1136 2666 9.
1179 2617 1381 2666 υποτιθε
1384 2618 1559 2679 μένων]
1594 2621 1782 2678 scripsi,
1822 2617 1939 2665 ὑπο-

242 2682 462 2741 θεμένων
494 2684 607 2740 Wp.
733 2684 802 2725 14.
835 2681 940 2739 τοῦ]
975 2679 1152 2735 addidi,
1186 2694 1276 2725 om.
1301 2679 1417 2737 Wp.
1529 2683 1597 2726 15.
1629 2679 1684 2724 τό
1703 2679 1803 2736 (alt.
1805 2680 1844 2738 )]
1879 2677 1938 2723 τά

243 2744 360 2801 Wp,
393 2756 509 2788 corr.
534 2740 719 2797 HaHey.
837 2744 906 2784 16.
939 2740 1090 2798 ΑΖΒ]
1123 2742 1250 2783 ΑΒΖ
1269 2738 1395 2806 Wp,
1429 2751 1542 2783 corr.
1570 2738 1747 2784 Comm.
1849 2735 1934 2796 μή]

245 2816 333 2847 om.
369 2802 484 2859 Wp,
517 2815 634 2847 corr.
670 2799 844 2845 Comm.
967 2803 1039 2843 20.
1072 2798 1157 2858 τῷ]
1192 2811 1373 2855 scnpsl,
1404 2797 1458 2843 τό
1492 2797 1606 2869 Wp.
1729 2801 1800 2843 21.
1832 2796 1938 2855 ΑΒ]

242 2866 280 2906 Β
306 2876 331 2906 e
356 2875 471 2906 corr.
665 2864 735 2904 22.
769 2857 855 2915 μὲν
887 2859 994 2913 νῦν]
1027 2872 1071 2913 v,
1104 2873 1247 2915 μεναυ
1272 2856 1334 2902 W
1367 2855 1472 2914 (μὲν
1498 2849 1657 2914 οὖνῗ),
1695 2872 1751 2914 με
1777 2856 1867 2901 νῦν
1890 2870 1935 2912 p.

305 2917 453 2965 αὐτὸν
520 2935 648 2978 χειν
679 2916 849 2973 Halley
881 2929 986 2961 eum
1019 2916 1193 2962 Comm.
