2034 3216
217 109 291 162 50
885 107 1163 152 ΚῼΝΠζΩΝ
1193 103 1257 151 δ’.

218 232 347 283 MA
394 224 534 299 πρὸς
571 229 687 280 ΔΛ
733 225 825 280 καὶ
872 223 1037 296 λοιπὴ
1085 221 1119 296 ἡ
1162 230 1290 280 ΖΜ
1320 226 1462 297 πρὸς
1500 229 1643 283 ΜΛ.
1719 229 1921 298 μείζων

220 313 339 386 ὃὲὴ
370 321 482 370 ZA
505 316 602 386 τῆς
628 319 779 369 AM·
811 317 1012 385 μείζων
1039 311 1148 386 ἄρα
1171 313 1266 368 καὶ
1290 311 1323 384 ἡ
1353 318 1472 369 ΖΜ
1503 315 1600 385 τῆς
1623 318 1763 370 ΜΛ.
1827 311 1934 374 διὰ,

223 404 286 460 δὲ
324 403 430 476 τὴν
461 401 792 475 παραβολὴν
827 410 918 474 ἴση
951 399 985 474 ἡ
1022 408 1140 458 ΖΗ
1162 410 1229 475 τῇ
1263 405 1324 456 Η
1330 407 1381 456 Λ
1392 420 1402 430 ·
1444 401 1579 474 ὅπερ
1619 399 1923 459 ἀδύνατον.

1015 563 1123 635 λβ’.

158 677 186 717 5
337 670 641 742 Παραβολὴ
700 670 991 736 ἐλλείψεως
1053 665 1087 739 ἢ
1150 667 1360 724 κύκλου
1414 673 1766 741 περιφερείας
1820 666 1921 725 οὐκ

222 759 492 828 ἐφάψεται
531 756 668 813 κατὰ
710 756 815 813 δύο
858 768 1056 829 σημεῖα
1096 755 1253 822 ἐντὸς
1292 754 1463 827 αὐτῆς
1501 760 1791 813 πίπτουσα.

334 851 473 902 ε”στω
520 848 628 919 γὰρ
679 850 919 914 ε”λλειψις
965 843 999 916 ἢ
1042 844 1252 901 κύκλου
1291 846 1614 919 περιφέρεια
1652 843 1686 917 ἡ
1727 851 1922 916 ΑΗΒ,

217 936 508 1007 παραβολὴ
551 935 613 991 δὲ
651 932 685 1006 ἡ
727 941 931 1006 ΑΜΒ,
969 935 1062 989 καὶ
1098 938 1148 989 εἰ
1179 933 1444 1006 δυνατόν,
1478 935 1921 1007 ἐφαπτέσθωσαν

215 1023 353 1079 κατὰ
396 1023 500 1079 δύο
541 1022 607 1079 τὰ
643 1030 714 1094 Α,
748 1030 814 1094 Β,
854 1024 947 1078 καὶ
983 1022 1249 1095 ’ἤχθωσαν
1281 1020 1389 1079 ἀπὸ
1419 1026 1534 1080 τῶν
1565 1031 1637 1095 Α,
1669 1029 1718 1079 Β
1750 1025 1919 1095 ἐφαπ-

130 1131 186 1171 10
217 1111 448 1183 τόμεναι
489 1116 603 1168 τῶν
642 1116 831 1184 τομῶν
869 1113 962 1168 καὶ
1003 1116 1413 1184 συμπίπτουσαι
1452 1113 1590 1168 κατὰ
1625 1111 1688 1168 τὸ
1721 1118 1790 1183 Λ,
1828 1112 1921 1168 καὶ

219 1202 527 1273 ἐπεζεύχθω
568 1199 602 1272 ἡ
643 1207 752 1257 ΑΒ
796 1201 890 1257 καὶ
930 1205 1058 1274 δίχα
1096 1200 1388 1273 τετμήσθω
1428 1200 1566 1256 κατὰ
1606 1199 1668 1256 τὸ
1711 1206 1780 1273 Ζ,
1827 1202 1920 1257 καὶ

219 1288 530 1361 ἐπεζεύχθω
572 1288 605 1361 ἡ
643 1296 771 1345 ΛΖ·
812 1301 966 1362 τεμεῖ
1003 1290 1072 1361 δὴ
1116 1290 1379 1360 ἑκατέραν
1419 1293 1532 1345 τῶν
1570 1292 1758 1361 τομῶν
1795 1288 1914 1345 κατ’

218 1376 355 1433 ἄλλο
395 1379 487 1433 καὶ
529 1377 691 1450 ἄλλο,
741 1375 817 1444 ὡς
856 1385 1083 1451 εἴρηται.
1161 1380 1402 1450 τεμνέτω
1441 1376 1579 1435 κατὰ
1615 1378 1682 1434 τὰ
1722 1383 1804 1449 Η,
1836 1384 1919 1448 Μ,

217 1466 312 1521 καὶ
353 1467 714 1538 ἐκβεβλήσθω
754 1465 788 1538 ἡ
827 1474 878 1522 Λ
890 1474 934 1522 Ζ
975 1468 1061 1523 ἐπὶ
1099 1466 1163 1523 τὸ
1194 1474 1268 1538 Δ,
1306 1468 1398 1523 καὶ
1439 1471 1576 1522 ἔστω
1616 1465 1679 1523 τὸ
1711 1473 1767 1521 A
1796 1468 1918 1523 κέν-

134 1574 188 1614 15
221 1577 357 1626 τρον
396 1558 494 1626 τῆς
534 1557 827 1622 ἐλλείψεως
866 1552 899 1626 ἢ
940 1559 1043 1611 τοῦ
1074 1554 1298 1610 κύκλου.
1364 1560 1514 1611 ἔστιν
1548 1553 1657 1627 ἄρα
1690 1553 1785 1611 διὰ
1814 1555 1919 1627 τὴν

216 1647 464 1710 ἔλλειψιν
503 1644 596 1699 καὶ
633 1642 734 1699 τὸν
774 1642 1002 1714 κύκλον,
1044 1640 1118 1709 ὡς
1157 1641 1191 1714 ἡ
1225 1648 1276 1697 Λ
1289 1650 1343 1697 A
1374 1642 1512 1715 πρὸς
1543 1648 1681 1713 ΔΙ-Ι,
1721 1640 1755 1715 ἡ
1795 1649 1926 1699 AH

215 1730 355 1803 πρὸς
393 1737 505 1786 AZ
550 1731 642 1786 καὶ
689 1730 855 1802 λοιπὴ
904 1728 938 1802 ἡ
981 1736 1105 1788 ΛΗ
1143 1729 1281 1803 πρὸς
1323 1736 1449 1786 ΗΖ.
1528 1735 1727 1802 μείζων
1774 1731 1837 1787 δὲ
1882 1729 1917 1803 ἡ

216 1827 335 1876 ΛΔ
380 1823 478 1892 τῆς
519 1826 659 1875 AH·
708 1825 907 1892 μείζων
955 1818 1063 1890 ἄρα
1109 1820 1201 1875 καὶ
1249 1817 1283 1891 ἡ
1325 1824 1449 1874 ΛΗ
1488 1822 1583 1891 τῆς
1624 1825 1747 1876 ΗΖ.
1825 1819 1919 1875 διὰ

218 1909 280 1965 δὲ
317 1907 420 1981 τὴν
452 1908 781 1982 παραβολὴν
823 1916 914 1980 ἴση
947 1906 981 1979 ἡ
1015 1914 1149 1963 ΛΜ
1171 1910 1238 1981 τῇ
1272 1914 1412 1963 ΜΖ·
1447 1906 1581 1981 ὅπερ
1616 1906 1919 1966 ἀδύνατον.

126 2091 183 2130 20
1012 2070 1119 2142 λγ’.

322 2173 627 2248 Ὑπερβολὴ
664 2171 977 2246 ὑπερβολῆς
1015 2172 1078 2230 τὸ
1120 2171 1255 2229 αὐτὸ
1297 2174 1532 2245 κέντρον
1572 2177 1775 2246 ἔχουσα
1815 2173 1918 2231 οὐκ

218 2262 488 2334 ἐφάψεται
527 2261 665 2317 κατὰ
707 2261 811 2318 δύο
854 2273 1066 2334 σημεῖα.

329 2348 636 2422 ὑπερβολαὶ
682 2349 788 2422 γὰρ
838 2353 899 2405 αἱ
935 2357 1139 2421 ΑΗΒ,
1181 2355 1362 2405 ΑΜΒ
1401 2348 1463 2404 τὸ
1506 2348 1643 2405 αὐτὸ
1682 2351 1915 2422 κέντρον

218 2442 445 2511 ἔχουσαι
484 2437 546 2494 τὸ
580 2445 653 2508 Δ,
694 2442 745 2494 εί
782 2438 1045 2510 δυνατόν,
1088 2438 1532 2510 ἐφαπτέσθωσαν
1569 2437 1705 2496 κατὰ
1744 2437 1811 2495 τὰ
1842 2445 1913 2510 A,

123 2541 183 2581 25
216 2533 290 2598 Β,
337 2525 608 2599 ἤχθωσαν
666 2526 726 2582 δὲ
775 2525 883 2583 ἀπὸ
931 2530 1044 2583 τῶν
1091 2534 1170 2597 Α,
1208 2533 1255 2581 Β
1304 2527 1680 2599 ἐφαπτόμεναι
1727 2525 1914 2584 αὐτῶν

215 2615 309 2671 καὶ
342 2619 754 2687 συμπίπτουσαι
787 2614 1050 2687 ἀλλήλαις
1082 2618 1144 2671 αἱ
1169 2620 1298 2686 ΑΛ,
1325 2621 1449 2687 ΛΒ,
1481 2616 1573 2671 καὶ
1606 2617 1914 2687 ἐπεζεύχθω

217 2702 251 2775 ἡ
291 2709 408 2759 ΔΛ
445 2703 536 2759 καὶ
576 2703 949 2776 ἐκβεβλήσθω.

341 2901 407 2942 16.
446 2899 545 2940 ΔΗ
573 2896 722 2956 (alt.)]
757 2899 858 2942 ΛΠ
883 2896 945 2952 V;
980 2909 1092 2943 corr.
1121 2896 1323 2951 Memus3
1358 2898 1456 2939 HA
1486 2911 1529 2952 p.
