2046 3256
187 627 214 666 5

165 1071 218 1110 10

167 1515 234 1554 15·

168 1958 224 1997 20

170 2401 228 2440 25

246 143 274 193 1
286 141 353 193 76
715 140 1154 184 COMMENTARIA
1183 139 1466 192 ANTIQUA.

243 257 278 330 ἡ
320 266 425 315 ΕΖ
473 259 828 332 παράλληλος
874 264 958 328 εἴη
1005 259 1072 330 τῇ
1112 261 1244 327 ΑΓ,
1306 254 1635 330 παραβολὴν
1680 259 1942 326 γίνεσθαι

247 349 350 420 τὴν
391 354 566 404 ΚΕΛ
616 350 675 404 ἐν
714 350 780 420 τῇ
823 348 1119 421 ἐπιφανείᾳ
1163 349 1266 403 τοῦ
1303 345 1493 402 κώνου
1530 344 1733 417 τομήν,
1782 348 1833 401 εί
1880 344 1942 401 δὲ

247 441 547 508 συμπίπτει
594 445 661 509 τῇ
703 440 817 491 ΑΓ
862 438 1075 508 πλευρᾷ
1122 432 1157 506 ἡ
1199 441 1303 490 ΕΖ
1352 434 1506 500 ἐκτὸς
1549 441 1648 506 τῆς
1692 437 1944 506 κορυφῆς

246 529 349 581 τοῦ
388 525 577 581 κώνου
618 523 692 591 ῶς
730 523 868 580 κατὰ
906 523 969 580 τὸ
1004 532 1077 594 Δ,
1115 530 1379 595 γίνεσθαι
1417 524 1522 595 τὴν
1553 528 1728 579 ΚΕΛ
1764 522 1944 595 τομὴν

249 612 594 687 ὑπερβολήν,
634 618 685 669 εί
724 613 785 669 δὲ
825 613 978 678 ἐντὸς
1020 618 1315 685 συμπίπτει
1354 616 1420 686 τῇ
1461 618 1576 668 ΛΓ
1614 610 1649 685 ἡ
1690 619 1820 683 ΕΖ,
1866 616 1945 683 γί-

248 710 451 758 νεσθαι
491 704 597 774 τὴν
637 700 815 775 τομὴν
857 707 1121 773 ἔλλειψιν,
1162 699 1232 773 ἣν
1272 702 1364 757 καὶ
1404 700 1620 775 θυρεὸν
1659 707 1944 757 καλοῦσιν.

247 791 503 848 καθόλου
558 785 663 848 οὗν
716 795 813 863 τῆς
863 790 966 863 μὲν
1015 794 1339 864 παραβολῆς
1384 789 1418 863 ἡ
1468 789 1762 864 διάμετρος
1811 810 1945 863 παρ-

250 880 490 948 άλληλός
541 883 656 938 ἐστι
702 884 768 955 τῇ
817 890 915 955 μιᾷ
960 887 1171 955 πλευρᾷ
1228 883 1330 936 τοῦ
1374 879 1679 952 τριγώνου,
1733 882 1830 951 τῆς
1885 878 1947 934 δὲ
2032 951 2035 953 Β

249 967 564 1042 ὑπερβολῆς
603 968 637 1040 ἡ
679 970 973 1043 διάμετρος
1005 974 1300 1041 συμπίπτει
1338 972 1404 1043 τῇ
1445 976 1657 1043 πλευρᾷ
1695 972 1798 1024 τοί
1836 990 1947 1040 τρι·

250 1059 440 1130 γώνου
487 1056 560 1124 ῶς
609 1058 696 1114 ἐπὶ
742 1058 809 1113 τὰ
856 1058 994 1131 πρὸς
1042 1062 1108 1133 τῇ
1151 1061 1372 1131 κορυφῇ
1418 1060 1519 1114 τοῦ
1558 1057 1747 1115 κώνου
1786 1060 1946 1131 μέρη,

251 1150 347 1219 τῆς
395 1147 457 1202 δὲ
506 1149 798 1215 ἐλλείψεως
846 1145 882 1218 ἡ
930 1148 1227 1220 διάμετρος
1274 1151 1570 1218 συμπίπτει
1622 1149 1688 1219 τῇ
1735 1150 1946 1221 πλευρᾷ

251 1240 354 1292 τοῦ
392 1235 675 1308 τριγώνου
715 1234 789 1302 ῶς
821 1237 909 1291 ἐπὶ
948 1238 1014 1293 τὰ
1048 1236 1189 1310 πρὸς
1219 1245 1284 1310 τῇ
1317 1236 1476 1308 βάσει
1510 1238 1662 1309 μέρη.
1724 1233 1947 1291 κάκεῖνο

254 1324 316 1381 δὲ
361 1325 464 1396 χρὴ
507 1325 742 1394 εἰδέναι,
788 1322 873 1381 ὅτι
913 1322 947 1396 ἡ
989 1324 1090 1397 μὲν
1129 1326 1421 1397 παραβολὴ
1461 1325 1555 1380 καὶ
1592 1323 1627 1396 ἡ
1666 1321 1947 1396 ὑπερβολὴ

252 1416 366 1469 τῶν
423 1417 502 1479 εἰς
548 1412 782 1486 ἄπειρόν
830 1417 974 1469 εἰσιν
1030 1412 1454 1485 αὐξανομένων,
1509 1411 1543 1485 ἡ
1593 1413 1655 1469 δὲ
1709 1417 1950 1479 ἔλλειψις

255 1501 460 1558 οὐκέτι·
531 1506 683 1557 πᾶσα
744 1501 851 1573 γὰρ
915 1506 994 1568 εἰς
1055 1500 1233 1575 αὐτὴν
1289 1503 1550 1559 συννεύει
1613 1500 1819 1575 ὁμοίως
1870 1503 1950 1579 τῷ

252 1590 451 1666 κύκλῳ.

366 1678 645 1735 πλειόνων
686 1678 748 1735 δὲ
781 1677 971 1735 οὐσῶν
1004 1680 1301 1752 ἐκδόσεων,
1343 1679 1418 1748 ῶς
1451 1682 1543 1737 καὶ
1575 1678 1744 1748 αὐτός
1774 1697 1949 1753 φησιν

257 1769 316 1824 ἐν
357 1771 423 1840 τῇ
466 1768 750 1841 ἐπιστολῇ,
793 1767 1027 1840 ἄμεινον
1066 1768 1363 1841 ἡγησάμην
1405 1782 1744 1842 συναγαγεῖν
1782 1768 1952 1835 αὐτὰς

258 1859 316 1912 ἐκ
362 1859 475 1912 τῶν
517 1856 901 1927 ἐμπιπτόντων
949 1857 1015 1912 τὰ
1058 1859 1369 1932 σαφέστερα
1407 1861 1850 1933 παρατιθέμενος
1889 1860 1950 1915 ἐν

257 1949 332 2021 τῷ
368 1947 515 2020 ῥητῷ
558 1943 652 2000 διὰ
688 1944 788 2016 τὴν
821 1949 934 2001 τῶν
967 1948 1347 2019 εἰσαγομένων
1380 1947 1700 2021 εὐμάρειαν,
1741 1950 1951 2015 ἔξωθεν

260 2033 322 2089 δὲ
378 2035 438 2089 ἐν
493 2044 609 2099 τοῖς
664 2036 1124 2106 συντεταγμένοις
1179 2041 1424 2108 σχολίοις
1485 2038 1951 2110 ἐπισημαίνεσθαι

258 2120 393 2187 τοὺς
433 2121 747 2194 διαφόρους
786 2121 859 2189 ὡς
899 2124 1045 2190 εἰκὸς
1081 2126 1322 2194 τρόπους
1359 2129 1473 2182 τῶν
1513 2125 1868 2195 ἀποδείξεων.

372 2211 510 2282 φησὶ
561 2216 756 2267 τοίνυν
812 2214 873 2267 ἐν
918 2216 983 2285 τῇ
1033 2208 1292 2287 ἐπιστολῇ
1346 2213 1413 2270 τὰ
1468 2219 1658 2286 πρῶτα
1710 2217 1950 2288 τέσσαρα

259 2303 449 2370 βιβλία
488 2300 761 2371 περιέχειν
802 2297 1031 2372 ἀγωγὴν
1071 2302 1416 2374 στοιχειώδη·
1459 2296 1539 2359 ῶν
1574 2303 1638 2360 τὸ
1671 2304 1774 2376 μὲν
1805 2308 1952 2378 πρῶ-

262 2410 361 2443 τον
394 2389 667 2459 περιέχειν
693 2387 790 2453 τὰς
814 2391 1058 2459 γενέσεις
1088 2399 1201 2446 τῶν
1225 2395 1396 2463 τριῶν
1421 2396 1523 2448 τοῦ
1547 2392 1736 2448 κώνου
1763 2397 1950 2464 τομῶν

260 2476 353 2531 καὶ
391 2485 505 2531 τῶν
536 2477 901 2547 καλουμένων
935 2477 1331 2550 ἀντικειμένων
1369 2482 1460 2536 καὶ
1499 2482 1572 2537 τὰ
1616 2484 1684 2537 ἐν
1723 2481 1954 2548 αὐταῖς

261 2562 499 2636 ἀρχικοὶ
554 2564 1005 2636 συμπτώματα.
1097 2576 1272 2623 ταῦτα
1320 2571 1384 2624 δέ
1429 2572 1604 2639 ἐστιν,
1660 2568 1765 2626 ὅσα
1820 2587 1952 2643 συμ-

263 2657 447 2723 βαίνει
486 2653 634 2724 παρὰ
675 2651 780 2723 τὴν
818 2655 1047 2725 πρώτην
1088 2654 1274 2711 αὐτῶν
1317 2659 1561 2727 γένεσιν·
1616 2662 1806 2730 ἔχουσι
1843 2658 1951 2731 γὰρ

263 2741 356 2795 καὶ
397 2742 553 2810 ἕτερά
590 2762 716 2796 τινα
758 2743 1324 2816 παρακολουθήματα.
1399 2746 1468 2801 τὸ
1519 2746 1588 2802 δὲ
1636 2746 1954 2818 δεύτερον

385 2879 425 2917 3.
461 2874 697 2931 συμπίπτῃ
729 2871 804 2916 W.
958 2879 997 2920 5.
1033 2877 1268 2932 συμπίπτῃ
1301 2876 1372 2921 W.
1527 2884 1566 2923 6.
1599 2881 1807 2934 θυραῖον
1837 2879 1952 2936 Wp,

266 2946 381 2977 corr.
415 2932 470 2977 U.
595 2932 790 2976 καλοῦσι
821 2947 864 2989 p.
989 2938 1028 2979 8.
1064 2930 1187 2979 ἐστιν
1220 2935 1291 2980 W.
1427 2940 1493 2982 13.
1525 2936 1636 2996 χρή]
1667 2952 1712 2994 p,
1744 2939 1850 2997 χρεί
1877 2938 1952 2984 W.
