2046 3256
750 179 1128 222 FRAGMENTA.
1681 174 1788 226 115

106 295 431 367 διορισμοὺς
467 307 612 367 τρεῖς
644 295 743 351 τόν
783 316 839 350 τε
870 293 1007 349 κατὰ
1038 294 1101 350 τὸ
1137 292 1206 360 ιζ’
1240 290 1532 364 πρόβλημα
1563 292 1654 346 καὶ
1686 291 1787 347 τὸν

103 384 238 440 κατὰ
285 384 346 439 τὸ
397 383 483 438 ιθ’
530 384 621 438 καὶ
660 382 759 438 τὸν
797 381 934 437 κατὰ
972 381 1034 437 τὸ
1075 381 1189 452 κγ’·
1238 385 1335 435 καί
1369 384 1511 436 εἰσιν
1551 383 1609 435 οἱ
1644 391 1789 452 τρεῖς

107 471 414 537 ἐλάσσονες.
493 472 600 528 Cfr.
640 474 774 543 frag.
815 474 901 526 51.

661 635 748 688 De
787 635 947 688 locis
986 634 1212 703 planiS.

213 742 297 794 22.
338 739 552 808 Pappus
592 738 723 806 VII,
763 738 829 790 21
873 756 923 805 p.
964 737 1094 805 660,
1137 737 1202 788 17
1245 754 1345 805 sq.:

556 852 785 909 Τόπων
828 853 1161 907 ἐπιπέδων
1202 850 1336 905 δύο.

224 962 349 1013 Τῶν
397 956 580 1012 τόπων
626 955 877 1011 καθόλου
927 957 984 1011 οί
1023 956 1124 1025 μέν
1164 957 1305 1009 εἰσιν
1346 955 1642 1024 ἐφεκτικοί,
1692 951 1789 1020 οὓς

103 1046 195 1102 καὶ
223 1044 588 1110 Ἀπολλώνιος
633 1044 740 1114 πρὸ
788 1045 900 1098 τῶν
948 1047 1110 1098 ἰδίων
1150 1046 1437 1113 στοιχείων
1476 1044 1646 1113 λέγει,
1698 1059 1788 1113 ση-

109 1139 267 1206 μείου
297 1133 401 1202 μὲν
433 1133 608 1190 τόπον
640 1144 887 1204 σημεῖον,
927 1134 1179 1204 γραμμῆς
1213 1130 1274 1186 δὲ
1304 1132 1474 1186 τόπον
1510 1130 1788 1202 γραμμήν,

107 1224 431 1293 ἐπιφανείας
470 1222 532 1277 δὲ
573 1222 928 1292 ἐπιφάνειαν,
970 1223 1196 1290 στερεοῦ
1237 1219 1297 1274 δὲ
1338 1221 1584 1289 στερεόν,
1633 1222 1692 1273 οί
1727 1218 1787 1274 δὲ

106 1313 426 1380 διεξοδικοί,
475 1308 547 1375 ὡς
594 1314 824 1380 σημείου
864 1309 964 1380 μὲν
1004 1307 1247 1378 γραμμή,
1286 1310 1539 1379 γραμμῆς
1579 1306 1629 1361 δ’
1677 1309 1787 1362 ε’πι-

105 1398 334 1469 φάνεια,
384 1401 706 1469 ἐπιφανείας
752 1398 813 1452 δὲ
861 1396 1110 1467 στερεόν,
1159 1398 1215 1451 οί
1261 1395 1321 1450 δὲ
1368 1396 1788 1465 ἀναστροφικοί,

104 1485 177 1551 ὡς
216 1491 446 1557 σημείου
485 1509 585 1557 μεν
626 1485 945 1556 ἐπιφάνεια,
985 1487 1237 1556 γραμμῆς
1278 1483 1339 1538 δε
1379 1483 1618 1553 στερεόν.

216 1593 301 1646 23.
342 1591 556 1661 Pappus
596 1591 837 1661 V11,23
875 1610 926 1659 Ρ.
969 1591 1095 1653 662,
1140 1590 1205 1642 19
1248 1607 1345 1658 sq..

219 1680 291 1732 Οί
327 1700 426 1749 μεν
468 1680 572 1732 οὐν
614 1674 835 1747 ἀρχαῖοι
875 1679 951 1740 εἰς
989 1674 1090 1745 τὴν
1122 1678 1235 1730 τῶν
1270 1676 1541 1728 ἐπιπέδων
1573 1672 1788 1728 τούτων

105 1765 290 1821 τόπων
345 1765 499 1831 τάξιν
556 1764 962 1834 ἀποβλέποντες
1017 1766 1426 1833 έστοιχείωσαν·
1481 1754 1546 1830 ῆς
1591 1758 1788 1831 ἀμελή-

107 1871 297 1919 σαντες
346 1856 403 1908 οί
445 1851 558 1923 μετ’
611 1851 814 1917 αὐτοὺς
859 1852 1216 1921 προσέθηκαν
1267 1850 1510 1920 ἑτέρους,
1566 1846 1639 1913 ὡς
1686 1847 1789 1903 οὐκ

107 1940 348 2011 ἀπείρων
386 1942 447 1996 τὸ
487 1944 705 2011 πλῆθος
745 1941 951 2009 ὄντων,
1000 1943 1051 1994 εί
1084 1940 1246 1993 θέλοι
1286 1959 1366 2001 τις
1403 1936 1787 2007 προσγράφειν

109 2028 176 2084 οὐ
221 2033 318 2099 τῆς
362 2028 562 2094 τάξεως
624 2030 834 2098 ἐκείνης
881 2027 1127 2097 ἐχόμενα.
1211 2025 1372 2095 θήσω
1421 2019 1524 2079 οὖν
1571 2024 1636 2078 τὰ
1686 2025 1787 2094 μὲν

107 2122 471 2187 προσκείμενα
511 2115 731 2185 ὕστερα,
771 2114 834 2170 τὰ
877 2114 927 2168 δ’
974 2117 1031 2169 ἐκ
1061 2118 1157 2184 τῆς
1187 2113 1388 2179 τάξεως
1418 2112 1657 2184 πρότερα
1690 2133 1786 2183 μια

108 2202 421 2276 περιλαβὼν
461 2204 722 2275 προτάσει
762 2203 954 2275 ταύτῃ·

220 2291 316 2347 ἐὰν
354 2294 454 2348 δύο
489 2291 705 2347 εὐθεῖαι
738 2289 994 2361 ἀχθῶσιν
1026 2291 1148 2360 ἤτοι
1180 2288 1286 2344 ἀπὸ
1322 2288 1448 2353 ἑνὸς
1481 2287 1788 2357 δεδομένου

262 2386 273 2399 t
392 2376 416 2397 Ἃ
485 2379 497 2397 9
553 2378 563 2396 ἱ
681 2379 694 2396 Ι
849 2379 862 2400 ἱ
920 2377 948 2395 ,Ι
1099 2379 1111 2398 ,
1157 2376 1167 2394 ἳ
1275 2375 1286 2394 2
1379 2380 1391 2396 p
1507 2372 1530 2393 Ἃ
1715 2375 1728 2391 l

26 2414 34 2419 ’ν
111 2398 339 2450 σημειου
385 2403 418 2450 η
468 2400 572 2434 απο
626 2384 729 2434 δυο
775 2401 866 2433 και
913 2399 1036 2448 ητοι
1084 2398 1150 2432 επ
1230 2385 1452 2440 ευθειας
1498 2398 1531 2446 η
1582 2381 1788 2446 παραλ-

109 2473 266 2537 ληλοι
305 2464 338 2537 ἢ
376 2469 681 2537 δεδομένην
714 2468 1061 2537 περιέχουσαι
1094 2470 1305 2535 γωνίαν
1338 2463 1429 2518 καὶ
1460 2463 1583 2533 ἤτοι
1615 2463 1787 2533 λόγου

1824 1228 1875 1266 10

1822 1680 1875 1720 15

1763 2115 1876 2158 ”20

109 2557 332 2624 ἔχουσαι
356 2553 493 2626 πρὸς
518 2554 756 2624 ἀλλήλας
788 2550 820 2623 ἢ
852 2557 1056 2624 χωρίον
1088 2555 1438 2623 περιέχουσαι
1465 2552 1784 2621 δεδομένον,
1818 2559 1874 2598 25

229 2721 267 2760 7
321 2711 422 2773 ου’ς]
472 2712 532 2765 ὡς
562 2715 774 2759 Hultsch.
957 2719 996 2758 9.
1035 2710 1223 2781 γραμμή
1258 2711 1391 2757 codd.
1576 2714 1643 2753 10.
1686 2707 1785 2753 ἐπι-

112 2771 288 2826 φάνεια
320 2773 453 2817 codd.
608 2779 676 2817 11.
719 2771 925 2829 γραμμή]
960 2773 1134 2828 scripsi,
1168 2770 1384 2845 γραμμήν
1411 2768 1541 2813 codd.
1687 2763 1786 2811 ἐνει-

155 2829 315 2901 α’νεια]
349 2831 530 2888 scripsi,
574 2829 861 2887 ἐπιφάνειαν
895 2831 1025 2874 codd
1179 2837 1246 2873 13.
1289 2826 1567 2884 ἐπιφάνεια]
1608 2825 1784 2896 scripsi,

111 2847 399 2992 Ξιίξάιξιαν
431 2892 563 2935 codd.
711 2894 777 2935 15.
810 2887 1008 2946 τούτων]
1043 2886 1377 2933 del.Hu1tsch.
1517 2889 1582 2928 19.
1617 2881 1693 2941 οὐ]
1727 2881 1784 2927 τά

157 2963 184 2990 u
228 2961 274 2991 sc

1459 3015 1518 3059 8*
