2046 3224
275 157 465 203 LXXIV
897 147 1362 205 PROIIEGOMENA.

269 278 352 324 hic
381 278 676 335 proponitur,
708 278 1064 323 demonstratum
1095 283 1160 325 est
1190 279 1248 324 ab
1273 279 1553 335 Appollonio
1583 279 1637 323 in
1667 277 1786 324 libro
1815 291 1899 324 suo
1920 278 1975 324 de

276 345 447 391 conicis
478 345 702 390 elementis
735 344 813 403 [[1,
842 345 918 404 16]
926 363 944 401 ,·
975 346 1210 391 ducuntur
1242 351 1393 391 autem
1422 346 1638 391 sectiones
1667 345 1976 404 amplr'yoniae

274 412 375 457 siue
428 412 700 470 hyperbolae
746 412 997 469 oppositae,
1052 413 1238 470 quando
1283 413 1534 470 yibbosi'tas
1579 413 1721 457 unius
1766 412 1976 469 ipsarum

277 479 483 537 sequitur
520 478 835 535 yibbositatem
866 479 1079 536 alterius,
1117 480 1188 524 ita
1219 483 1270 524 ut
1301 480 1410 525 illae
1439 480 1729 537 yibbositates
1757 493 1804 525 se
1831 481 1975 537 respi-

274 547 424 601 ciant,
464 549 507 590 et
545 546 786 591 ambarum
826 546 1042 591 diametri
1078 547 1174 592 sint
1210 548 1264 591 in
1301 561 1400 591 una
1438 548 1562 592 linea
1591 551 1714 592 recta
1737 582 1748 592 .
1775 581 1786 592 .
1813 582 1825 592 .
1849 551 1891 592 et
1920 561 1976 592 ex

276 613 338 658 iis
368 612 628 658 declarauit
649 612 959 669 Appollonius
983 613 1118 670 illud,
1150 614 1272 670 quod
1296 614 1565 659 corr-elatiue
1582 614 1864 671 proponitur
1889 648 1900 659 .
1925 648 1936 659 .
1950 611 1973 659 ‘.

275 683 319 724 et
355 692 440 724 nos
475 680 652 725 utimur
690 680 773 725 hoc
809 681 890 724 illo
928 684 980 724 ut
1012 694 1099 738 per
1133 679 1467 738 Appollonium
1505 681 1823 726 demonstrato.
1886 681 1976 726 hoo

274 745 446 791 deinde
470 746 619 791 utitur
642 747 691 791 in
715 747 750 803 I,
778 750 1024 792 132—133.
1075 747 1273 792 alteram
1297 746 1669 805 propositionem
1695 746 1975 793 Conicorum

275 813 392 858 citat
421 811 472 857 in
504 815 538 870 Ι,
569 817 672 858 129:
709 814 830 858 inter
860 815 979 859 duas
1009 819 1154 860 rectas
1186 815 1475 871 anyulariter
1505 815 1774 860 coniunctas
1803 828 1836 859 a
1864 815 1974 873 dato

269 885 447 938 puncto
476 884 645 925 rectam
676 881 854 936 ducere,
886 882 1019 926 euius
1049 895 1148 926 una
1171 883 1389 938 partium:
1402 883 1678 927 interiacens
1702 895 1845 926 unam
1868 894 1971 926 con-
2008 917 2017 926 .

274 948 540 992 iunctarum
580 951 621 992 et
659 948 819 992 datum
852 953 1078 1004 punctum
1116 949 1178 994 sit
1208 949 1462 1006 cuicunque
1493 949 1630 994 datae
1660 949 1806 993 lineae
1836 952 1878 994 et
1900 948 1973 993 in·

277 1027 415 1071 super
437 1015 639 1072 reliquae
663 1028 773 1059 suae
792 1016 924 1072 parti
947 1016 1108 1060 datum
1120 1019 1345 1072 punctum
1360 1020 1401 1060 et
1417 1017 1609 1061 alteram
1624 1015 1975 1061 coniuncturum

278 1081 573 1126 interiacenti
618 1083 858 1138 aequalis.
886 1119 894 1128 .
923 1117 933 1126 .
961 1117 970 1127 .
997 1084 1058 1127 ad
1103 1083 1185 1128 hoc
1228 1087 1379 1128 autem
1410 1097 1497 1139 per
1537 1083 1681 1128 lineas
1717 1086 1865 1127 rectas
1901 1083 1976 1128 uel

277 1148 524 1194 circulares
570 1149 974 1194 demonstrandum
1020 1149 1182 1206 lonyus
1227 1150 1359 1195 labor
1405 1150 1653 1208 etmultae
1690 1149 1975 1195 diuersitatis

273 1215 405 1260 nobis
435 1215 616 1268 incidit,
649 1220 689 1260 et
719 1230 814 1260 non
843 1216 937 1271 fuit
967 1217 1098 1261 nobis
1127 1216 1210 1261 hoc
1237 1217 1453 1273 possibile
1483 1217 1702 1273 complere
1729 1229 1813 1273 per
1835 1216 1975 1262 huius

274 1281 422 1327 lineas
468 1282 635 1338 absque
672 1287 804 1334 ‚motu
850 1287 892 1327 et
937 1283 1268 1341 imayinatione
1309 1284 1570 1329 mechanica
1593 1318 1603 1328 .
1631 1319 1641 1330 .
1669 1318 1679 1328 .
1703 1283 1786 1328 hoc
1822 1287 1975 1329 tamen

274 1348 583 1405 Appollonius
622 1349 850 1406 Peryaeus
895 1350 948 1394 in
995 1351 1113 1395 libro
1159 1363 1242 1395 suo
1288 1351 1343 1396 de
1383 1351 1553 1396 conicis
1590 1350 1814 1395 elementis
1857 1350 1974 1395 libro

271 1416 468 1461 secundo
499 1417 817 1472 propositione
855 1421 1024 1473 quarta
1033 1417 1079 1472 *)
1110 1431 1198 1474 per
1228 1417 1538 1463 deductionem
1569 1418 1780 1463 sectionis
1810 1418 1974 1474 ampli·

273 1482 438 1539 yoniae
477 1496 507 1526 a
545 1483 654 1528 dato
688 1487 864 1540 puncto
903 1478 1023 1529 inter
1062 1484 1181 1529 duas
1215 1485 1361 1529 lineas
1392 1488 1622 1541 assumpto
1652 1484 1786 1528 nulla
1816 1497 1974 1529 earum

277 1549 505 1593 linearum
535 1555 711 1595 secante
743 1551 1095 1606 demonstrauit,
1131 1551 1263 1596 cuius
1293 1564 1374 1595 nos
1405 1551 1830 1596 demonstrationem
1860 1556 1914 1596 ut
1944 1565 1975 1596 a

273 1615 432 1660 multis
461 1616 537 1660 sui
567 1616 679 1661 libri
702 1617 957 1678 principiis
977 1618 1289 1676 praeambulis
1312 1619 1630 1675 dependentem
1653 1618 1729 1664 hic
1749 1619 1973 1676 supponi-

273 1695 375 1727 mus
413 1686 454 1726 et
497 1682 600 1739 ipsa
634 1684 811 1729 utimur
841 1685 959 1729 sicut
991 1685 1312 1730 demonstrata.
1375 1684 1523 1729 utitur
1553 1683 1605 1728 in
1634 1684 1668 1741 Ι,
1696 1688 1795 1731 130.
1857 1687 1974 1730 haec

274 1747 434 1793 omnia
472 1762 501 1791 a
535 1749 788 1795 Uitellione
834 1764 891 1794 ex
922 1750 1092 1808 opticis
1124 1750 1349 1796 Alhazeni
1382 1751 1487 1809 (Ibn
1519 1752 1566 1796 al
1596 1751 1805 1810 Hastam)
1836 1752 1891 1809 V,
1917 1755 1973 1796 33

274 1814 427 1873 petita.
459 1818 568 1860 sunt
600 1817 700 1874 (cfr.
735 1817 945 1862 Alhazen
978 1817 1033 1875 V,
1059 1822 1136 1863 34:
1177 1819 1312 1863 sectio
1341 1819 1624 1876 pyramidis,
1661 1832 1798 1876 quam
1829 1819 1972 1876 assiq-

274 1884 412 1928 nauit
443 1883 720 1940 Apollonius
758 1885 811 1928 in
850 1885 967 1930 libro
999 1885 1339 1943 pyramidum),
1380 1887 1428 1930 et
1460 1884 1691 1942 originem
1721 1883 1971 1930 Arabicam

273 1950 375 2007 ipse
407 1949 569 2006 prodit
600 1950 634 2005 I,
661 1955 739 1995 98:
771 1953 905 1996 sectio
928 1953 1197 2009 rectanyula
1219 1953 1292 1997 uel
1308 1953 1540 2010 parabola
1561 1956 1603 1997 et
1626 1957 1690 1998 est
1712 1952 1819 2010 illa2
1835 1966 1972 2010 quam

274 2017 453 2060 Arabes
495 2017 656 2062 dicunt
693 2018 858 2073 mukefi
883 2054 891 2063 .
921 2054 931 2064 .
957 2054 965 2063 .
991 2020 1276 2076 ampliyonia
1313 2019 1387 2064 uel
1424 2020 1662 2077 hyperbole
1699 2019 1772 2065 uel
1810 2019 1973 2075 mukefll

278 2083 444 2128 addita
469 2118 479 2127 .
506 2118 515 2128 .
543 2119 553 2129 .
579 2084 801 2141 oxiyonia
836 2085 910 2129 uel
940 2086 1095 2142 elipsis
1125 2087 1199 2130 uel
1228 2086 1391 2141 mukeft
1421 2086 1666 2132 diminuta.
1727 2086 1974 2143 praeterea

273 2149 392 2194 haec
430 2148 577 2195 habet
615 2150 672 2195 de
713 2150 925 2196 Conicis:
975 2151 1058 2207 IX,
1091 2157 1148 2197 39
1187 2153 1231 2197 si
1267 2154 1503 2198 sectionem
1533 2153 1810 2210 parabolam
1849 2153 1971 2198 linea

273 2220 397 2261 recta
421 2218 674 2275 continyat,
699 2223 741 2262 et
764 2233 794 2262 a
810 2223 985 2275 puncto
1009 2224 1243 2264 contactus
1266 2220 1465 2264 ducatur
1488 2224 1610 2264 recta
1619 2220 1969 2276 perpendicula-

272 2284 385 2327 riter
422 2296 559 2341 super
598 2285 870 2329 diametrum
910 2286 1121 2330 sectionis
1153 2287 1430 2342 productam
1469 2287 1532 2330 ad
1571 2299 1838 2331 concursum
1869 2300 1971 2331 cum

274 2351 581 2406 continycnte‚
633 2352 720 2395 erit
758 2365 873 2407 pars
910 2352 1126 2397 diametri
1162 2344 1435 2397 interiacens
1466 2353 1892 2410 perpendicularem
1929 2356 1971 2399 et

270 2416 542 2471 periseriam
572 2418 783 2462 sectionis
815 2419 1021 2474 aequalis
1048 2420 1182 2476 parti
1211 2419 1503 2463 interiacenti
1532 2419 1767 2463 sectionem
1798 2423 1840 2464 et
1867 2433 1970 2464 con-

273 2482 545 2540 tinyentem.
568 2485 704 2528 ..hoc
734 2489 885 2528 autem
915 2485 1271 2530 demonstratum
1302 2490 1365 2529 est
1396 2486 1453 2530 ab
1486 2485 1765 2542 Appollonio
1799 2485 1970 2543 Peryeo

273 2549 326 2593 in
366 2548 482 2593 libro
522 2550 576 2594 de
610 2550 790 2595 Conicis
829 2551 1054 2596 elementis
1088 2552 1142 2610 [1‚
1168 2552 1269 2607 35],
1300 2555 1340 2595 et
1370 2552 1443 2595 hic
1473 2556 1652 2596 utemwr
1681 2553 1782 2608 ipso
1812 2556 1865 2597 ut
1894 2553 1968 2598 de-

273 2619 538 2673 monstrato,
563 2615 642 2672 IX,
666 2620 743 2660 40:
770 2630 897 2662 omne
920 2619 1198 2674 quadratum
1223 2619 1368 2662 lineae
1383 2619 1783 2677 perpendicularis
1805 2618 1970 2664 ductae

274 2683 331 2727 ab
371 2683 526 2738 aliquo
558 2686 734 2739 puncto
772 2684 984 2728 sectionis
1009 2685 1261 2741 parabolae
1291 2698 1428 2741 super
1458 2685 1730 2729 diametrum
1759 2685 1970 2730 sectionis

273 2753 337 2792 est
375 2749 563 2805 aequale
601 2751 864 2807 rectanyulo
904 2755 1110 2795 contento
1148 2752 1231 2796 sub
1271 2754 1402 2807 parte
1433 2751 1646 2796 diam‹tri
1675 2751 1969 2796 interiacente

274 2815 403 2859 illam
433 2816 856 2871 perpendicularem
889 2820 929 2860 et
953 2817 1224 2873 periseriam
1254 2817 1463 2862 sectionis
1495 2821 1536 2861 et
1566 2818 1648 2862 sub
1682 2818 1820 2863 latere
1848 2821 1969 2864 recto

393 2947 436 3004 *)
470 2947 586 2994 Coll.
621 2948 676 3003 II,
709 2952 751 2994 8.
