2046 3256
245 141 317 195 66
913 142 1192 187 mmmm
1224 138 1288 187 δ’.

1041 304 1154 375 μδῖ
1761 355 1804 373 ,

351 419 482 478 Ἐὰν
529 420 810 495 ὑπερβολη
860 425 993 493 μίαν
1042 424 1156 477 τῶν
1203 418 1599 494 ἀντικειμένων
1645 420 1782 478 κατὰ
1827 423 1945 479 τέσ·

244 528 389 583 σαρα
430 522 628 583 σημεῖα
667 512 858 584 τέμνῃ,
898 507 933 582 ἡ
974 507 1325 582 ἀντικειμένη
1367 507 1505 584 αὐτῇ
1547 508 1617 567 οὐ
1655 522 1942 584 συμπεσεϊ-
1988 501 2003 549 ³·

242 622 332 656 ται
370 603 437 673 τῇ
479 600 638 676 ἑτέρᾳ
675 602 789 656 τῶν
830 597 1243 671 ἀντικειμένων.

183 704 211 743 5
359 693 606 744 ἔστωσαν
652 687 1030 760 ἀντικείμεναι
1078 690 1140 742 αἱ
1175 692 1422 759 ΑΒΓΔ,
1462 694 1535 760 Ε,
1573 689 1665 745 καὶ
1703 690 1942 762 τεμνέτω

241 776 524 851 ὑπερβολὴ
570 775 673 848 τὴν
712 781 943 832 ΑΒΓΔ
981 776 1119 831 κατὰ
1156 777 1395 849 τέσσαρα
1435 788 1633 850 σημεῖα
1670 777 1738 833 τὰ
1776 786 1847 850 Α,
1878 783 1944 848 Β,

242 872 306 938 Γ,
339 873 412 938 Δ,
451 867 543 922 καὶ
581 864 724 922 ἔστω
766 863 937 937 αὐτῆς
975 863 1327 937 ἀντικειμένη
1367 862 1401 937 ἡ
1442 871 1512 923 Κ.
1588 867 1749 938 λέγω,
1783 866 1870 923 ὅτι
1907 864 1942 938 ἡ

242 961 302 1011 Κ
339 953 408 1012 οὐ
448 966 806 1027 συμπεσεῖται
843 957 909 1028 τῇ
951 961 1012 1010 Ε.

356 1047 408 1100 εἰ
444 1042 549 1117 γὰρ
591 1043 863 1115 δυνατόν,
909 1043 1256 1115 συμπιπτέτω
1298 1041 1434 1098 κατὰ
1473 1042 1535 1099 τὸ
1576 1049 1657 1115 Κ,
1694 1044 1787 1100 καὶ
1828 1045 1946 1101 έπε-

157 1150 211 1189 10
246 1132 570 1205 ζεύχθωσαν
618 1136 681 1188 αἱ
723 1138 857 1203 ΑΒ,
905 1137 1017 1187 ΓΔ
1062 1133 1154 1187 καὶ
1202 1130 1695 1203 ἐκβεβλήσθωσαν·
1745 1149 1945 1205 συμπε-

244 1225 478 1278 σοῦνται
544 1220 613 1293 δὴ
678 1219 955 1293 ἀλλήλαις.
1049 1221 1511 1292 συμπιπτέτωσαν
1566 1221 1703 1278 κατὰ
1758 1220 1822 1278 τὸ
1878 1228 1948 1292 Λ,

242 1312 336 1368 καὶ
377 1309 445 1368 ὃν
485 1311 587 1383 μὲν
626 1308 741 1382 ἔχει
782 1310 955 1380 λόγον
995 1306 1028 1379 ἡ
1066 1314 1181 1364 ΑΛ
1219 1308 1358 1382 πρὸς
1389 1315 1516 1380 ΛΒ,
1557 1310 1720 1381 ἐχέτω
1760 1308 1795 1381 ἡ
1828 1315 1956 1366 ΑΠ

242 1399 382 1474 πρὸς
422 1406 562 1470 ΠΒ,
611 1396 679 1455 ὃν
730 1398 791 1454 δὲ
838 1396 872 1469 ἡ
914 1403 1032 1453 ΔΛ
1077 1397 1218 1469 πρὸς
1255 1403 1387 1470 ΛΓ,
1434 1396 1469 1470 ἡ
1510 1404 1624 1454 ΔΡ
1657 1397 1795 1471 πρὸς
1832 1403 1946 1455 ΡΓ.

244 1487 279 1561 ἡ
321 1488 431 1562 ἄρα
468 1487 562 1544 διὰ
592 1490 706 1544 τῶν
739 1494 814 1558 Π,
848 1493 898 1541 Ρ
923 1487 1299 1559 ἐκβαλλομένη
1333 1498 1688 1558 συμπεσεῖται
1721 1487 1949 1562 ἑκατέρα

157 1594 214 1634 15
246 1587 362 1635 τῶν
409 1587 624 1650 τομῶν,
677 1578 771 1632 καὶ
819 1579 881 1631 αἱ
924 1574 1032 1631 ἀπὸ
1080 1584 1182 1631 τοῦ
1231 1581 1283 1630 Λ
1330 1577 1417 1632 ἐπὶ
1463 1576 1561 1642 τὰς
1607 1576 1952 1648 συμπτώσεις

248 1666 580 1740 έφάψονται.
666 1664 979 1738 ἐπεζεύχθω
1038 1665 1107 1735 δὴ
1163 1661 1197 1736 ἡ
1250 1669 1365 1719 ΚΛ
1418 1664 1506 1720 καὶ
1566 1665 1951 1737 ἐκβεβλήσθω·

247 1766 403 1828 τεμεῖ
447 1753 516 1826 δὴ
562 1753 667 1826 τὴν
715 1751 824 1809 ὑπὸ
873 1758 983 1808 ΒΛ
998 1757 1050 1807 Γ
1088 1756 1302 1823 γωνίαν
1349 1753 1442 1808 καὶ
1480 1754 1580 1819 τὰς
1615 1754 1790 1825 τομὰς
1825 1752 1946 1810 κατ’

250 1843 390 1902 ἄλλο
432 1844 525 1900 καὶ
566 1844 702 1899 ἄλλο
737 1853 981 1915 σημεῖον.
1045 1841 1284 1914 τεμνέτω
1316 1844 1453 1897 κατὰ
1485 1840 1551 1896 τὰ
1586 1847 1649 1913 Ζ,
1681 1847 1766 1896 Μ·
1800 1846 1952 1898 ἔσται

248 1937 317 2005 δὴ
367 1931 461 1988 διὰ
506 1932 611 2003 μὲν
648 1931 746 1996 τὰς
785 1936 1042 2002 ΑΘΖΗ,
1090 1936 1149 1986 Κ
1185 1929 1592 2002 ἀντικειμένας,
1640 1927 1715 1995 ὥς
1753 1927 1787 1998 ἡ
1827 1937 1952 1986 NK

156 2039 215 2080 ‘20
247 2023 387 2095 πρὸς
426 2025 566 2091 ΚΛ,
613 2018 647 2091 ἡ
687 2026 802 2075 ΝΖ
847 2019 987 2092 πρὸς
1028 2024 1161 2090 ΖΛ,
1210 2017 1302 2074 διὰ
1344 2018 1406 2074 δὲ
1451 2017 1549 2084 τὰς
1587 2023 1841 2089 ΑΒΓΔ,
1880 2026 1949 2090 Ε,

251 2108 325 2177 ὡς
369 2108 403 2181 ἡ
444 2115 569 2165 ΝΚ
606 2108 744 2182 πρὸς
782 2115 923 2179 ΚΛ,
962 2105 998 2180 ἡ
1037 2112 1178 2163 ΝΜ
1208 2105 1348 2180 πρὸς
1389 2112 1534 2161 ΜΛ·
1574 2104 1707 2180 ὅπερ
1748 2105 1952 2163 ἀδύνα-

249 2222 367 2256 τον.
446 2196 550 2254 οὐκ
588 2198 698 2270 ἄρα
738 2200 800 2252 αἰ
834 2203 900 2267 Ε,
933 2202 991 2252 Κ
1020 2199 1430 2267 συμπίπτουσιν
1469 2192 1746 2267 ἀλλήλαις.

1053 2372 1155 2443 με’.

364 2476 494 2533 Ἐὰν
534 2475 815 2549 ὑπερβολὴ
855 2485 920 2549 τῇ
964 2475 1066 2547 μὲν
1097 2477 1211 2531 τῶν
1242 2472 1639 2545 ἀντικειμένων
1673 2476 1954 2546 συμπίπτῃ

168 2579 226 2620 25
259 2564 397 2624 κατὰ
446 2565 551 2621 δύο
594 2575 793 2636 σημεῖα
834 2564 922 2619 ἐπὶ
960 2565 1026 2618 τὰ
1068 2560 1209 2619 αὐτὰ
1249 2565 1452 2633 ἔχουσα
1493 2559 1631 2634 αὐτῇ
1669 2559 1736 2616 τὰ
1773 2567 1952 2631 κοῖλα,

253 2659 320 2730 τῇ
361 2654 423 2711 δὲ
460 2651 594 2708 καθ’
640 2655 703 2708 ἓν
743 2663 992 2723 σημεῖον,
1039 2649 1073 2722 ἡ
1114 2649 1463 2721 ἀντικειμένη
1505 2649 1646 2722 αὐτῇ
1687 2648 1954 2725 οὐδετέρα

252 2747 367 2800 τῶν
408 2739 806 2813 ἀντικειμένων
846 2750 1220 2811 συμπεσεῖται.

378 2939 449 2980 26.
483 2930 629 2992 καθ’]
665 2928 786 2978 κατὰ
818 2930 872 2977 τό
904 2930 1010 2988 Vp,
1043 2944 1157 2976 corr.
1183 2929 1367 2985 Halley.
