2046 3256
647 163 1002 207 CONIOORUM
1032 165 1214 206 LIBER
1243 166 1320 207 IV.
1632 212 1635 214 ,
1749 163 1818 215 89

251 283 360 336 iam
412 300 539 336 uero
589 256 812 336 ΑΒΓΔ
867 283 1158 337 sectionem
1204 287 1312 336 AB
1360 284 1417 336 in
1462 288 1536 354 A,
1566 287 1613 336 B
1662 288 1820 353 secet,

42 343 79 426 {5⁴53
142 372 432 426 sectionem
488 375 668 425 autem
714 374 768 425 Γ
807 372 864 425 in
909 390 1016 424 uno
1056 374 1116 442 Γ,
1161 374 1223 425 ut
1267 373 1323 425 in
1371 373 1603 425 secunda
1648 374 1822 442 figura

172 501 221 541 A
1141 463 1244 531 est3
1274 461 1456 530 itaque
1487 465 1590 513 EZ
1624 480 1744 515 cum
1777 464 1829 514 Γ

1025 536 1074 572 A
1140 567 1251 602 non
1308 552 1587 603 concurret
1651 551 1820 618 [prop.

839 652 888 687 Γ
1141 637 1302 704 XLIJ.
1392 637 1488 689 sin¹
1532 641 1638 690 EZ
1700 655 1822 690 cum

258 742 302 782 B
1142 729 1250 778 AB
1290 726 1578 795 concurrit,
1617 726 1675 778 in
1713 745 1820 779 uno

1139 816 1341 886 puncto
1383 815 1497 867 solo
1541 814 1823 867 concurrit.

1144 905 1189 957 si
1223 905 1364 956 enim
1388 903 1446 955 in
1470 902 1675 955 duobus
1702 920 1823 955 cum

1141 996 1249 1045 AB
1305 992 1598 1059 concurrit,
1657 991 1822 1043 sectio

0 1041 1 1052 γ
28 1047 57 1109 ’ἶ
150 1061 459 1156 pl
1143 1083 1193 1134 ei
1225 1081 1475 1151 opposita
1506 1081 1678 1132 ΑΒΓ
1703 1097 1823 1132 cum

1146 1171 1317 1223 altera
1349 1168 1599 1238 opposita
1630 1169 1684 1220 Γ
1714 1185 1824 1220 11011

47 1263 49 1265 ’
141 1260 420 1310 concurret
476 1260 655 1328 [prop.
700 1257 943 1327 XLIII];
1012 1258 1393 1328 supposuimus
1450 1259 1649 1325 autem,
1703 1273 1823 1308 eam

51 1342 57 1378 ’-
141 1345 198 1396 in
235 1363 342 1398 uno
378 1349 578 1415 puncto
618 1349 672 1399 Γ
705 1365 1034 1400 concurrere.

254 1433 354 1502 sin,
392 1437 453 1487 ut
484 1439 566 1488 est
604 1435 661 1488 in
698 1437 875 1505 figura
912 1436 1086 1505 tertia,
1130 1437 1302 1488 ΑΒΓ
1334 1433 1626 1486 sectionem
1657 1434 1826 1483 ABE

140 1520 198 1573 in
236 1521 443 1575 duobus
481 1524 695 1592 punctis
735 1529 808 1594 A,
840 1527 888 1576 Β
928 1527 1094 1593 secat,
1133 1527 1236 1576 EZ
1276 1526 1458 1576 autem
1498 1539 1619 1573 cum
1658 1522 1827 1571 ABE

141 1611 424 1680 concurrit,
467 1629 585 1664 cum
624 1616 679 1664 A
717 1631 829 1667 non
868 1615 1150 1666 concurret
1191 1613 1364 1681 [prop.
1403 1609 1569 1678 XLI],
1608 1610 1662 1660 et
1702 1626 1822 1661 cum

41 1670 49 1739 A.
141 1701 313 1751 ABE
349 1718 669 1754 concurrens
708 1701 765 1754 in
803 1701 1048 1770 pluribus
1083 1701 1297 1771 punctis
1332 1717 1493 1768 quam
1524 1698 1582 1750 in
1614 1697 1822 1749 duobus

1348 1805 1459 1840 non
1497 1788 1778 1840 concurret

1207 1871 1254 1909 A
1307 1877 1481 1945 [prop.
1520 1873 1822 1938 XXXVII}

1413 1964 1510 2031 sin,
1549 1965 1610 2015 ut
1649 1964 1730 2014 est
1767 1962 1823 2012 in

1352 2052 1526 2120 figura
1567 2053 1777 2119 quarta,

1304 2145 1356 2192 A
1365 2143 1411 2191 Β
1423 2141 1524 2191 ΓΔ
1538 2141 1823 2206 utramque

1305 2230 1362 2279 in
1385 2246 1492 2280 uno
1518 2230 1715 2295 puncto
1743 2243 1822 2278 se-

1307 2318 1406 2384 cat,
1432 2318 1534 2367 EZ
1560 2332 1678 2366 cum
1695 2331 1821 2366 neu-

140 2400 226 2450 tra
270 2398 327 2451 in
375 2397 582 2452 duobus
628 2401 842 2468 punctis
883 2405 1162 2455 concurret
1211 2405 1384 2471 [prop.
1424 2401 1614 2469 XLII}
1693 2419 1820 2471 ergo

141 2489 364 2554 propter
396 2505 473 2554 ea,
505 2505 640 2556 quae
665 2487 910 2557 diximw,
944 2491 996 2540 et
1019 2507 1278 2542 conuersa
1303 2491 1563 2543 sectiones
1587 2492 1822 2558 ΑΒΓΔ,

141 2575 243 2625 ΓΖ
283 2592 403 2626 cum
437 2575 765 2629 sectionibus
797 2577 864 2629 iis
898 2578 1162 2645 oppositis
1195 2581 1315 2648 BE,
1347 2583 1450 2631 EZ
1489 2579 1547 2630 in
1576 2578 1820 2647 pluribus

141 2662 352 2729 punctis
390 2678 501 2714 non
540 2668 856 2718 concurrent
896 2684 1058 2734 quam
1096 2667 1155 2718 in
1195 2669 1463 2736 quattuor.
1476 2664 1518 2737 1)

265 2822 308 2877 1)
347 2821 504 2866 Uerba
535 2818 649 2866 ὥστε
681 2822 762 2868 lin.
791 2828 844 2867 19
878 2847 933 2854 -
964 2821 1166 2881 τέσσαρα
1199 2824 1279 2868 lin.
1306 2830 1362 2868 22
1402 2823 1590 2868 inutilia.
1629 2824 1736 2867 sunt
1774 2825 1821 2868 et

146 2881 379 2935 suspecta3
426 2893 535 2924 nam
577 2882 688 2925 ordo
728 2881 994 2926 litterarum
1035 2896 1202 2939 parum
1242 2885 1398 2927 rectus
1432 2884 1522 2937 est,
1568 2895 1653 2926 nec
1693 2878 1818 2926 ἄντί,

145 2950 325 2994 στροφα
356 2938 726 2995 propositionum
757 2941 834 2984 hic
865 2940 1022 2986 locum
1053 2942 1240 2986 habent.
