2046 3256
378 156 550 198 PAPPI
578 156 868 198 LEMMATA
898 157 964 198 IN
996 156 1192 199 CONIC.
1222 157 1337 199 LIB.
1368 157 1528 200 I—IV.
1690 154 1794 208 161

115 279 225 328 ΒΑ
263 270 399 342 πρὸς
436 271 497 327 τὸ
530 269 638 326 ἀπὸ
672 278 804 343 ΑΔ,
845 270 1019 338 οὕτως
1057 270 1120 327 τὸ
1151 277 1322 327 ΑΒΓ
1352 277 1629 345 τρίγωνον
1659 272 1801 344 πρὸς

112 362 175 418 τὸ
215 367 393 416 ΑΔΕ
427 365 717 433 τρίγωνον.

226 477 297 533 δ’.
337 477 484 534 Ἴσαι
524 482 586 534 αἱ
612 486 665 534 Α
676 485 740 548 Β,
774 484 876 534 ΓΔ
913 479 1004 534 καὶ
1035 502 1206 550 τυχον
1239 491 1468 552 σημεῖον
1501 478 1564 535 τὸ
1598 485 1667 534 Ε·
1709 478 1795 535 ὅτι

20 596 27 624 2
114 565 176 622 τὸ
216 564 325 622 ὑπὸ
368 572 526 622 ΓΕΒ
564 571 664 622 τοῦ
704 565 811 623 ὑπὸ
855 572 1009 622 ΓΑΒ
1047 565 1298 639 ὑπερέχει
1336 571 1410 643 τῷ
1451 566 1561 624 ὑπὸ
1604 574 1793 623 ΔΕΑ.

356 655 648 727 τετμήσθω
689 653 722 726 ἡ
763 660 874 710 ΒΓ
914 659 1039 726 δίχα
1077 659 1152 731 τῷ
1197 663 1262 710 Ζ·
1309 655 1372 712 τὸ
1414 662 1458 710 Ζ
1498 656 1605 727 ἄρα
1646 660 1794 727 διχο-
1857 664 1887 704 5

246 748 410 815 τομία
450 744 600 799 ἐστὶν
639 744 730 798 καὶ
768 746 864 814 τῆς
903 750 1026 799 ΑΔ.
1099 744 1192 799 καὶ
1233 745 1347 800 ἐπεὶ
1386 748 1446 800 τὸ
1486 743 1594 800 ὑπὸ
1637 749 1795 799 ΓΕΒ

247 829 382 902 μετὰ
420 834 521 887 τοῦ
560 829 667 887 ἀπὸ
709 837 811 886 ΒΖ
861 840 985 888 ἴσον
1026 833 1174 887 ἐστὶν
1213 835 1288 909 τῷ
1330 830 1438 888 ἀπὸ
1479 839 1581 888 ΕΖ
1623 835 1796 901 [Eucl.

248 921 318 991 II,
352 923 436 989 6],
478 916 618 975 ἀλλὰ
655 921 747 975 καὶ
785 919 847 975 τὸ
886 918 985 976 ὑπὲ
1028 927 1202 975 ΔΕΑ
1241 921 1374 992 μετὰ
1413 924 1515 976 τοῦ
1548 919 1654 976 ἀπὸ
1690 927 1798 976 ΑΖ

115 1022 191 1062 Β-
250 1015 375 1063 ἴσον
423 1008 572 1063 ἐστὶν
625 1011 699 1083 τῷ
741 1006 848 1063 ἀπὸ
906 1014 1033 1078 ΕΖ,
1085 1013 1185 1063 καί
1225 1010 1376 1064 ἐστιν
1421 1010 1483 1065 τὸ
1532 1007 1640 1064 ἀπὸ
1691 1015 1798 1064 ΑΖ

117 1053 190 1164 Ζ1
250 1104 374 1152 ἴσον
405 1100 480 1172 τῷ
520 1094 630 1151 ὑπὸ
661 1101 815 1151 ΓΑΒ
856 1118 988 1167 μετα
1030 1099 1130 1152 τοῦ
1169 1095 1278 1152 ἀπὸ
1319 1104 1439 1167 ΒΖ,
1479 1096 1674 1152 κοινὸν
1714 1099 1798 1152 ἐκ-
1832 1106 1887 1144 10

119 1151 187 1262 12.
247 1184 576 1255 κεκρούσθω
607 1182 670 1240 τὸ
709 1182 818 1239 ἀπὸ
849 1190 974 1238 ΒΖ·
1014 1182 1209 1240 λοιπὸν
1242 1183 1350 1256 ἄρα
1389 1186 1451 1240 τὸ
1492 1182 1601 1240 ὑπὸ
1636 1190 1795 1240 ΓΕΒ

249 1279 376 1327 ἴσον
424 1273 572 1328 ἐστὶν
618 1275 692 1348 τῷ
740 1293 798 1327 τε
845 1270 953 1328 ὑπὸ
994 1277 1150 1326 ΓΑΒ
1196 1272 1288 1326 καὶ
1334 1275 1408 1348 τῷ
1454 1270 1562 1328 ὑπὸ
1608 1278 1797 1328 ΔΕΑ.

250 1361 387 1415 ὥστε
433 1364 494 1415 τὸ
540 1358 649 1416 ὑπὸ
701 1365 856 1415 ΓΕΒ
910 1364 1011 1415 τοῦ
1058 1359 1167 1415 ὑπὸ
1214 1365 1368 1415 ΓΑΒ
1423 1358 1675 1432 ὑπερέχει
1722 1364 1798 1436 τῷ

116 1435 190 1475 Δ“
248 1445 356 1503 ὑπὸ
397 1454 592 1502 ΔΕΑ·
642 1446 774 1520 ὅπερ
816 1451 927 1502 ἔδει
967 1450 1155 1515 δεῖξαι.

22 656 32 727 ῑ,
116 703 189 827 ET

115 809 188 848 Α,

229 1565 291 1620 ε’.
332 1565 464 1620 Ἐὰν
498 1565 559 1620 δὲ
589 1563 651 1620 τὸ
681 1577 910 1636 σημεῖον
940 1558 975 1638 ᾗ
1001 1567 1201 1635 μεταξὺ
1225 1570 1337 1622 τῶν
1362 1574 1431 1636 Α,
1457 1572 1502 1620 Β
1536 1570 1798 1636 σημείων,
1832 1574 1888 1614 15

116 1654 179 1708 τὸ
220 1651 328 1708 ὑπὸ
370 1658 529 1708 ΓΕΒ
575 1657 674 1708 τοῦ
715 1652 823 1709 ὑπὸ
866 1659 1020 1709 ΓΑΒ
1068 1658 1306 1709 ἔλασσον
1345 1659 1494 1710 ἔσται
1532 1657 1607 1729 τῷ
1649 1652 1795 1728 αὐτῷ

119 1746 321 1815 χωρίῳ,
363 1733 534 1811 οὗπέρ
575 1743 723 1797 ἐστιν
761 1741 896 1797 κατὰ
935 1740 1001 1796 τὰ
1043 1739 1180 1798 αὐτὰ
1220 1739 1254 1813 ἡ
1293 1740 1588 1809 ἀπόδειξις.

229 1828 330 1884 ἐὰν
378 1828 439 1883 δὲ
484 1829 546 1884 τὸ
597 1841 826 1900 σημεῖον
871 1821 905 1902 ᾗ
953 1831 1152 1900 μεταξὺ
1195 1833 1308 1885 τῶν
1346 1835 1411 1899 Β,
1444 1834 1512 1899 Γ,
1568 1827 1630 1884 τὸ
1686 1826 1795 1883 ὑπὸ

119 1921 276 1971 ΓΕΒ
330 1919 432 1972 τοῦ
478 1914 587 1971 ὑπὸ
632 1924 808 1972 ΑΕΔ
863 1922 1100 1972 ἔλασσον
1155 1922 1304 1972 ἔσται
1354 1920 1428 1993 τῷ
1475 1915 1583 1972 ὑπὸ
1631 1923 1799 1971 ΑΒΔ

116 2007 182 2077 τῇ
222 2003 360 2077 αὐτῇ
401 2003 605 2078 ἀγωγῇ.
1831 2013 1889 2052 20

231 2123 300 2179 ς’.
342 2121 464 2193 Ἴση
505 2120 538 2193 ἡ
580 2128 687 2177 ΑΒ
727 2125 790 2194 τῇ
831 2128 958 2192 ΒΓ,
1005 2122 1096 2176 καὶ
1138 2121 1240 2177 δύο
1282 2134 1479 2193 σημεῖα
1517 2122 1582 2177 τὰ
1622 2128 1694 2192 Δ,
1726 2129 1798 2176 Ε·

122 2209 206 2264 ὅτι
252 2210 313 2264 τὸ
363 2209 610 2282 τετράκις
659 2208 764 2264 ἀπὸ
804 2213 901 2280 τῆς
939 2216 1047 2264 ΑΒ
1094 2209 1442 2281 τετράγωνον
1484 2218 1608 2265 ἴσον
1650 2210 1798 2265 ἐστὶν

121 2300 194 2371 τῷ
237 2297 322 2362 δὶς
353 2295 461 2352 ὑπὸ
487 2301 664 2351 ΑΔΓ
693 2299 826 2368 μετὰ
860 2300 961 2351 τοῦ
994 2298 1079 2362 δὶς
1109 2295 1217 2352 ὑπὸ
1244 2302 1416 2351 ΑΕΓ
1446 2299 1537 2352 καὶ
1570 2299 1655 2362 δὶς
1685 2301 1799 2353 τῶν

121 2380 228 2439 ἀπὸ
271 2390 390 2453 ΒΔ,
423 2391 532 2439 ΒΕ
566 2384 942 2457 τετραγώνων.

460 2492 495 2575 Α
737 2490 864 2530 ΔΕ
971 2492 1005 2574 Β
1421 2491 1462 2530 Γ

196 2607 363 2659 τοῦτο
421 2604 482 2659 δὲ
536 2604 807 2676 φανερόν·
860 2605 921 2659 τὸ
972 2604 1072 2674 μὲν
1119 2605 1225 2676 γὰρ
1275 2605 1359 2668 δὶς
1407 2603 1512 2659 ἀπὸ
1553 2611 1659 2658 ΑΒ
1707 2603 1799 2659 διὰ
1832 2618 1891 2659 25

119 2694 234 2745 τῶν
276 2695 608 2762 διχοτομιῶν
657 2700 780 2747 ἴσον
821 2691 971 2746 ἐστὶν
1010 2694 1083 2766 τῷ
1122 2713 1179 2746 τε
1219 2692 1304 2755 δὶς
1340 2689 1450 2746 ὑπὸ
1491 2697 1668 2746 ΑΔΓ
1707 2692 1798 2746 καὶ

746 2545 848 2575 1——1

244 2871 282 2910 9.
332 2868 419 2910 καί
454 2863 598 2924 ἐστιν]
648 2865 770 2911 ἔστιν
810 2863 904 2923 ἄρα
943 2869 1027 2911 καί
1071 2867 1189 2913 coni.
1220 2866 1432 2910 Hultsch.
1586 2871 1654 2913 14.
1701 2865 1801 2911 ἔδει

123 2925 297 2982 δεῖξαι]
331 2942 409 2968 ιω
441 2926 571 2970 codd.

213 3004 522 3049 Apollonius,
554 3007 610 3040 ed.
634 3006 815 3046 Heiberg.
850 3006 900 3039 11.
1479 3002 1529 3040 11
