2046 3224
143 38 174 51 Q

499 674 960 736 CONIGORUM
1004 673 1244 733 LIBER
1288 673 1392 732 IV.

213 805 535 876 Apollonius
575 805 766 858 Attalo
809 824 849 859 s.

212 894 366 948 Prius
415 895 722 948 conicorum
770 913 801 946 a
848 893 1004 946 nobis
1053 893 1112 945 in
1160 894 1280 945 octo
1328 891 1482 944 libris
1525 891 1790 960 conscrip-

99 987 278 1038 torum
318 984 520 1053 primos
563 987 669 1036 tres
708 982 930 1051 exposui
962 982 1028 1034 ad
1061 981 1361 1034 Eudemum
1393 979 1788 1050 Pergamenum

105 1090 195 1126 eos
236 1073 472 1140 mittens,
511 1072 604 1125 illo
647 1074 822 1124 autem
864 1074 1076 1123 mortuo
1116 1070 1351 1139 reliquos
1393 1069 1459 1122 ad
1490 1071 1544 1121 te
1576 1067 1789 1120 mittere

103 1161 406 1230 statuimuS,
439 1164 492 1212 et
524 1161 651 1230 quia
681 1160 1027 1213 uehementer
1059 1158 1329 1212 desideras
1363 1158 1616 1226 accipere,
1652 1173 1788 1225 quae

101 1249 397 1318 elaboraui‚
444 1249 501 1300 in
548 1248 820 1317 praesenti
861 1250 1111 1316 quartum
1151 1247 1349 1299 librum
1387 1246 1489 1299 tibi
1528 1245 1789 1298 misimus,

101 1337 148 1390 is
181 1340 359 1390 autem
394 1337 646 1406 continet,
678 1337 733 1389 in
767 1339 899 1404 quot
929 1336 1142 1404 punctis
1178 1353 1445 1387 summum
1473 1333 1591 1385 fieri
1614 1333 1788 1402 possit

52 1432 55 1435 ’
100 1428 160 1479 ut
208 1426 472 1479 sectiones
520 1442 777 1478 cenorum
826 1423 966 1475 inter
1006 1441 1060 1476 se
1101 1426 1155 1475 et
1195 1441 1313 1476 cum
1353 1421 1560 1474 ambitu
1600 1420 1788 1473 circuli

102 1517 437 1583 concurrant,
470 1514 546 1566 ita
578 1516 639 1566 ut
670 1531 779 1565 non
810 1514 959 1565 totae
992 1530 1110 1564 cum
1143 1511 1275 1564 totis
1310 1510 1607 1578 concidant,
1638 1527 1787 1578 prae-

99 1606 247 1656 terea
285 1603 343 1655 in
383 1605 514 1672 quot
551 1601 765 1671 punctis
809 1619 1075 1653 summum
1117 1600 1238 1653 coni
1270 1599 1434 1652 sectio
1468 1601 1521 1651 et
1553 1598 1787 1651 ambitus

103 1691 288 1745 circuli
315 1710 435 1744 cum
469 1690 794 1743 sectionibus
821 1689 1086 1758 oppositis
1121 1690 1459 1759 concurrant,
1490 1690 1544 1740 et
1575 1689 1789 1756 praeter

99 1779 231 1833 haec
272 1779 377 1832 alia
414 1797 524 1831 non
563 1795 734 1847 pauca
772 1777 857 1829 his
903 1777 1112 1831 similia.
1189 1776 1382 1829 horum
1423 1778 1605 1827 autem
1645 1774 1788 1844 quod

99 1868 273 1936 primo
313 1868 430 1920 loco
471 1867 642 1936 posui,
682 1865 869 1919 Conon
910 1864 1122 1918 Samius
1164 1865 1230 1917 ad
1261 1845 1665 1932 Thrasydaeum
1706 1881 1787 1916 ex-

100 1956 280 2024 posuit
315 1956 372 2008 in
404 1954 958 2008 demonstrationibus
992 1972 1102 2007 non
1133 1955 1277 2005 recte
1309 1954 1582 2020 uersatus;
1623 1969 1786 2020 quare

101 2044 266 2097 etiam
306 2043 580 2098 Nicoteles
622 2042 930 2111 Cyrenaeus
980 2059 1075 2094 suo
1123 2042 1237 2093 iure
1286 2059 1406 2093 eum
1447 2040 1785 2108 uituperauit.

101 2133 329 2185 alterum
393 2134 573 2184 autem
636 2130 912 2183 Nicoteles
977 2130 1136 2182 simul
1198 2147 1318 2181 cum
1380 2128 1786 2196 impugnatione

102 2218 335 2274 Cononis
362 2219 535 2273 obiter
560 2218 1003 2272 commemorauit
1023 2219 1235 2270 tantum
1254 2216 1611 2269 demonstrari
1628 2232 1785 2283 posse

102 2308 444 2376 contendenS,
486 2307 577 2360 sed
614 2325 712 2360 nec
755 2308 821 2359 ab
863 2325 925 2359 eo
964 2307 1083 2375 ipso
1123 2323 1221 2358 nec
1261 2305 1328 2358 ab
1369 2304 1473 2357 alio
1515 2321 1785 2372 quoquam

103 2396 528 2449 demonstratum
572 2396 769 2448 inueni.
847 2392 1135 2465 tertiumss)
1178 2413 1305 2447 uero
1347 2396 1399 2446 et
1438 2395 1614 2446 cetera
1653 2392 1786 2444 eius-

223 2526 265 2582 *)
297 2526 406 2571 Tria
430 2525 527 2581 ina,
560 2539 678 2582 quae
712 2524 943 2581 significat
965 2524 1252 2581 Apollonius,
1285 2524 1401 2568 haec
1434 2524 1562 2567 sunt·
1594 2522 1643 2566 in
1671 2523 1785 2577 quot

109 2585 295 2640 punctis
328 2586 606 2628 concurrant
641 2586 683 2641 1)
718 2583 947 2630 sectiones
981 2582 1087 2628 coni
1117 2583 1239 2627 inter
1272 2597 1318 2627 se
1350 2583 1427 2626 uel
1460 2595 1563 2625 cum
1596 2580 1783 2635 circulo,

102 2644 148 2699 2)
194 2643 423 2688 sectiones
463 2643 567 2687 coni
607 2657 712 2687 cum
745 2643 993 2699 oppositis,
1044 2644 1089 2698 3)
1131 2641 1330 2686 circulus
1362 2655 1465 2684 cum
1499 2638 1782 2684 sectionibus

103 2701 355 2758 oppositis3
389 2701 469 2746 cfr.
487 2701 508 2744 I
531 2717 576 2758 p.
593 2707 634 2757 4,
653 2706 725 2746 20
773 2701 935 2757 Itaque
962 2714 1077 2757 opus
1102 2714 1195 2745 non
1226 2702 1297 2744 est
1330 2714 1435 2743 cum
1459 2697 1643 2742 Halleio
1675 2698 1784 2752 post

105 2759 418 2831 συμβάλλουσι
459 2760 539 2805 lin.
577 2766 632 2804 14
671 2761 967 2816 interponere
1013 2759 1095 2803 καὶ
1128 2758 1194 2804 ἔτι
1226 2756 1547 2815 αντικείμεναι
1578 2752 1783 2799 ἀντικει-

105 2816 281 2875 μέναις.
330 2818 545 2863 similiter
570 2819 933 2863 Commandinus
957 2818 1037 2863 lin.
1057 2823 1190 2873 12sq.
1215 2817 1378 2862 habet.
1410 2815 1655 2882 praeterea
1677 2812 1783 2858 coni

105 2876 249 2922 sectio
282 2879 330 2922 et
360 2877 524 2922 circuli
556 2878 927 2923 circumferentia
967 2878 1021 2921 et
1052 2877 1350 2934 oppositae
1383 2873 1668 2919 sectiones
1700 2885 1782 2929 op-

99 2935 264 2991 positis
299 2935 596 2980 sectionibus.

1455 3007 1514 3049 1*
