2046 3224
258 148 291 201 6
926 147 1206 192 ΚΩΝΙΚΩΝ
1238 149 1266 192 δ
1276 146 1303 195 ’.

252 269 391 338 με’νη
449 263 646 322 εὐθεῖα
701 263 843 322 ὥστε
895 251 994 332 τας
1049 263 1362 339 ὁμολόγους
1417 264 1645 333 εὐθείας
1696 270 1836 340 πρὸς
1881 271 1957 344 τῷ

258 361 410 437 αὐτῷ
451 367 660 438 σημείῳ
701 361 864 435 εἶναι,
905 362 939 435 ἡ
975 360 1082 419 ἀπὸ
1114 366 1213 435 τῆς
1245 361 1396 435 ἁφῆς
1428 363 1515 419 ἐπὶ
1547 361 1650 435 τὴν
1683 367 1959 438 διαίρεσιν

252 457 501 532 ἀγομένη
552 460 748 516 εὐθεῖα
797 470 1157 532 συμπεσεῖται
1202 463 1268 533 τῇ
1319 463 1571 534 γραμμῇ,
1626 460 1719 517 καὶ
1764 458 1800 532 ἡ
1849 458 1957 518 ἀπὸ

250 559 350 627 τῆς
389 555 762 628 συμπτωσεως
801 557 888 613 ἐπὶ
927 560 989 614 τὸ
1023 559 1176 624 ἐκτὸς
1210 568 1443 630 σημεῖον
1477 557 1725 631 ἀγομένη
1758 556 1956 615 εὐθεῖα

194 668 220 708 5
255 651 555 723 ἐφάπτεται
594 655 692 726 τῆς
729 657 1000 725 γραμμῆς.

366 752 506 804 ἔστω
539 746 645 821 γὰρ
678 750 868 805 κώνου
892 747 1029 821 τομὴ
1063 745 1097 821 ἢ
1123 748 1334 805 κύκλου
1364 751 1689 823 περιφέρεια
1712 751 1747 824 ἡ
1775 757 1957 823 ΑΒΓ,

249 845 343 900 καὶ
384 845 643 917 εἰλήφθω
681 868 735 902 τι
776 857 1007 918 σημεῖον
1049 847 1202 912 ἐκτὸς
1241 849 1303 902 τὸ
1338 853 1409 916 Δ,
1449 847 1541 902 καὶ
1582 844 1676 903 ἄπ’
1713 845 1954 921 αὑτοῦὴ

249 941 352 1013 μὲν
392 948 505 997 ΛΒ
546 943 880 1015 ἐφαπτέσθω
921 941 1059 998 κατὰ
1097 946 1158 998 τὸ
1199 949 1273 1014 Β,
1321 941 1355 1015 ἡ
1399 943 1460 999 δὲ
1501 950 1677 1000 ΔΕΓ
1714 945 1955 1016 τεμνέτω

249 1037 355 1109 τὴν
401 1038 578 1111 τομὴν
625 1037 764 1095 κατὰ
809 1039 876 1095 τὰ
918 1045 993 1110 Ε,
1027 1044 1095 1110 Γ,
1152 1040 1244 1095 καὶ
1294 1037 1361 1096 ὃν
1411 1045 1519 1113 ἔχει
1559 1040 1730 1112 λόγον
1776 1041 1810 1113 ἡ
1853 1046 1956 1098 ΓΔ

161 1149 216 1188 10
251 1138 391 1206 πρὸς
429 1141 559 1207 ΔΕ,
600 1139 806 1193 τοῦτον
847 1137 1012 1208 ἐχέτω
1052 1134 1085 1208 ἡ
1131 1141 1231 1192 ΓΖ
1270 1140 1408 1210 πρὸς
1447 1144 1565 1193 ΖΕ.

366 1231 536 1303 λέγω,
594 1230 680 1288 ὅτι
727 1230 761 1304 ἡ
809 1229 918 1288 ἀπὸ
966 1236 1068 1289 τοῦ
1108 1239 1155 1288 Β
1205 1234 1292 1290 ἐπὶ
1332 1237 1393 1290 τὸ
1436 1240 1481 1289 Ζ
1528 1233 1773 1306 ἀγομένη
1824 1251 1954 1307 συμ-

249 1332 434 1383 πίπτει
473 1330 540 1401 τῇ
579 1331 739 1401 τομῇ,
779 1328 872 1384 καὶ
911 1325 945 1400 ἡ
987 1327 1094 1385 ἀπὸ
1134 1332 1233 1401 τῆς
1273 1329 1644 1402 συμπτωσεως
1682 1331 1770 1387 ἐπὶ
1802 1334 1864 1388 τὸ
1899 1338 1954 1387 Δ

244 1423 545 1496 ἐφάπτεται
584 1427 683 1497 τῆς
720 1428 905 1497 τομῆς.

363 1522 502 1591 [ἐπεὶ
551 1515 656 1582 οὖν
704 1519 738 1593 ἡ
782 1527 899 1578 ΔΓ
939 1522 1125 1594 τέμνει
1170 1520 1274 1593 τὴν
1313 1523 1490 1595 τομὴν
1535 1522 1672 1579 κατὰ
1714 1523 1819 1580 δύο
1861 1541 1951 1596 ση-

163 1631 213 1672 15
246 1629 397 1690 μεῖα,
451 1617 553 1674 οὐκ
594 1622 746 1674 ἔσται
796 1617 1091 1690 διάμετρος
1131 1617 1314 1692 αὐτῆς.
1396 1623 1643 1676 δυνατὸν
1684 1619 1793 1692 ἄρα
1834 1621 1949 1678 ἐστὶ

245 1714 338 1771 διὰ
370 1719 475 1772 τοῦ
507 1723 562 1771 Δ
598 1714 899 1787 διάμετρον
933 1713 1184 1787 ἀγαγεῖν·
1227 1714 1367 1772 ὥστε
1392 1717 1485 1773 καὶ
1513 1718 1946 1790 ἐφαπτομένην.]

239 1811 400 1884 ἤχθω
440 1810 547 1884 γὰρ
589 1810 699 1868 ἀπὸ
741 1815 844 1867 τοῦ
887 1819 942 1867 Δ
993 1813 1346 1884 ἐφαπτομένη
1393 1815 1492 1884 τῆς
1529 1817 1700 1886 τομῆς
1745 1811 1779 1886 ἡ
1819 1820 1947 1886 ΔΑ,

239 1909 331 1964 καὶ
374 1910 762 1981 ἐπιζευχθεῖσα
802 1908 836 1981 ἡ
872 1915 983 1964 BA
1021 1909 1261 1980 τεμνέτω
1301 1909 1403 1981 τὴν
1436 1914 1557 1981 ΕΓ,
1598 1913 1649 1965 εἰ
1680 1911 1947 1983 δυνατόν,

242 2004 315 2076 μὴ
358 2004 497 2061 κατὰ
531 2009 592 2061 τὸ
622 2012 686 2076 Ζ,
728 2004 869 2061 ἀλλὰ
900 2006 1038 2061 κατὰ
1080 2009 1142 2061 τὸ
1168 2012 1238 2063 Η.
1303 2007 1418 2062 ἐπεὶ
1460 2000 1565 2062 οὖν
1605 2006 1946 2078 ἐφάπτονται

151 2113 209 2153 20
242 2103 303 2156 αἱ
332 2107 456 2173 ΒΔ,
484 2109 611 2173 ΔΑ,
651 2102 744 2157 καὶ
778 2101 865 2157 ἐπὶ
895 2100 993 2168 τὰς
1025 2099 1174 2174 ἁφάς
1199 2104 1349 2158 ἐστιν
1381 2101 1415 2173 ἡ
1441 2108 1568 2174 ΒΑ,
1601 2102 1692 2158 καὶ
1726 2106 1945 2175 διῆκται

242 2195 275 2268 ἡ
310 2202 414 2253 ΓΔ
452 2200 733 2270 τέμνουσα
772 2197 877 2270 τὴν
918 2198 1020 2270 μὲν
1059 2197 1234 2270 τομὴν
1273 2196 1411 2254 κατὰ
1449 2197 1516 2253 τὰ
1549 2203 1613 2270 Γ,
1639 2205 1705 2271 Ε,
1744 2198 1848 2270 τὴν
1882 2200 1946 2256 δὲ

241 2300 350 2350 AB
397 2293 536 2350 κατὰ
581 2300 643 2352 τὸ
690 2301 774 2366 Η,
831 2299 982 2351 ἔσται
1031 2293 1105 2361 ὡς
1151 2293 1185 2366 ἡ
1234 2300 1338 2350 ΓΔ
1384 2298 1521 2367 πρὸς
1562 2302 1700 2366 ΔΕ,
1755 2294 1790 2368 ἡ
1831 2301 1952 2352 ΓΗ

239 2392 379 2459 πρὸς
426 2396 567 2446 ΗΕ·
632 2392 768 2463 ὅπερ
817 2390 1050 2447 ἄτοπον·
1113 2390 1398 2447 ὑπόκειται
1445 2390 1577 2462 γάρ,
1632 2389 1708 2457 ὡς
1755 2389 1791 2463 ἡ
1837 2398 1943 2448 ΓΛ

239 2489 376 2557 πρὸς
426 2492 565 2557 ΔΕ,
621 2484 654 2557 ἡ
702 2492 805 2542 ΓΖ
858 2491 998 2559 πρὸς
1046 2493 1164 2544 ΖΕ.
1251 2485 1354 2543 οὐκ
1401 2486 1511 2559 ἄρα
1556 2484 1590 2558 ἡ
1639 2494 1750 2543 ΒΑ
1803 2486 1936 2545 καθ’

150 2594 206 2634 25
240 2583 430 2654 ἕτερον
470 2594 702 2654 σημεῖον
741 2585 927 2655 τέμνει
967 2585 1072 2655 τὴν
1112 2589 1241 2639 ΓΕ·
1281 2582 1419 2639 κατὰ
1459 2587 1521 2640 τὸ
1564 2590 1609 2639 Ζ
1649 2585 1774 2658 ἄρα.

362 2839 402 2879 5.
438 2830 682 2891 ἐφάψεται
705 2849 736 2891 p
769 2835 817 2879 et
841 2833 1023 2891 Halley.
1148 2839 1188 2881 6.
1221 2830 1271 2892 ἢ]
1305 2849 1350 2891 p,
1383 2831 1411 2891 ἡ
1446 2835 1500 2879 V.
1627 2840 1695 2880 16.
1729 2832 1937 2892 ἐφαπτο-

240 2891 358 2950 μένη
392 2909 422 2937 v
456 2898 503 2938 et
534 2908 683 2950 comp.
717 2893 860 2939 dubio
894 2894 955 2948 V;
991 2907 1106 2939 corr.
1140 2907 1218 2951 pc.
1350 2898 1420 2939 21.
1454 2891 1533 2952 τά]
1567 2892 1619 2939 τό
1652 2895 1708 2951 V,
1741 2908 1856 2941 corr.
1889 2911 1934 2953 p.

299 2957 369 2997 23.
404 2953 528 3011 HE]
564 2956 653 2997 ΗΒ
686 2953 782 3010 Vp,
817 2967 930 2999 corr.
964 2952 1159 2998 MemuS.
