<?xml version="1.0" encoding="UTF-8"?>
<!DOCTYPE html PUBLIC "-//W3C//DTD XHTML 1.0 Transitional//EN"
    "http://www.w3.org/TR/xhtml1/DTD/xhtml1-transitional.dtd">
<html xmlns="http://www.w3.org/1999/xhtml" xml:lang="en" lang="en">
 <head>
  <title>
</title>
<meta http-equiv="Content-Type" content="text/html;charset=utf-8" />
  <meta name='ocr-system' content='tesseract 3.04.00' />
  <meta name='ocr-capabilities' content='ocr_page ocr_carea ocr_par ocr_line ocrx_word'/>
</head>
<body>
  <div class='ocr_page' id='page_1' title='image "apolloniipergaei02apoluoft_0182.png"; bbox 0 0 2046 3256; ppageno 0'>
   <div class='ocr_carea' id='block_1_1' title="bbox 229 148 1270 205">
    <p class='ocr_par' dir='ltr' id='par_1_1' title="bbox 229 148 1270 205">
     <span class='ocr_line' id='line_1_1' title="bbox 229 148 1270 205; baseline -0.008 0"><span class='ocrx_word' id='word_1_1' title='bbox 229 151 302 205; x_wconf 86' lang='lat'><strong><em>90</em></strong></span> <span class='ocrx_word' id='word_1_2' title='bbox 895 151 1175 197; x_wconf 73' lang='grc' dir='ltr'><strong>ΚῼΝΙΚΩΝ</strong></span> <span class='ocrx_word' id='word_1_3' title='bbox 1204 148 1270 197; x_wconf 74' lang='grc' dir='ltr'><strong><em>δ’.</em></strong></span> 
     </span>
    </p>
   </div>
   <div class='ocr_carea' id='block_1_2' title="bbox 140 267 1933 1771">
    <p class='ocr_par' dir='ltr' id='par_1_2' title="bbox 227 267 1931 611">
     <span class='ocr_line' id='line_1_2' title="bbox 230 267 1928 347; baseline 0.001 -21"><span class='ocrx_word' id='word_1_4' title='bbox 230 268 299 326; x_wconf 83' lang='grc' dir='ltr'><strong><em>οὐ</em></strong></span> <span class='ocrx_word' id='word_1_5' title='bbox 344 280 716 342; x_wconf 82' lang='grc' dir='ltr'><em>συμπεσεῖται.</em></span> <span class='ocrx_word' id='word_1_6' title='bbox 794 267 929 326; x_wconf 75' lang='grc' dir='ltr'><strong><em>οὐδὲ</em></strong></span> <span class='ocrx_word' id='word_1_7' title='bbox 973 267 1087 342; x_wconf 85' lang='grc' dir='ltr'><strong><em>μὴν</em></strong></span> <span class='ocrx_word' id='word_1_8' title='bbox 1131 267 1166 342; x_wconf 81' lang='grc' dir='ltr'>ἡ</span> <span class='ocrx_word' id='word_1_9' title='bbox 1207 276 1311 326; x_wconf 91' lang='grc' dir='ltr'><strong><em>ΕΖ</em></strong></span> <span class='ocrx_word' id='word_1_10' title='bbox 1355 267 1424 328; x_wconf 85' lang='grc' dir='ltr'><strong><em>οὐ</em></strong></span> <span class='ocrx_word' id='word_1_11' title='bbox 1465 282 1823 343; x_wconf 74' lang='grc' dir='ltr'><strong><em>συμπεσεῖται</em></strong></span> <span class='ocrx_word' id='word_1_12' title='bbox 1861 275 1928 347; x_wconf 81' lang='grc' dir='ltr'><strong><em>τῇ</em></strong></span> 
     </span>
     <span class='ocr_line' id='line_1_3' title="bbox 228 357 1931 434; baseline 0.002 -20"><span class='ocrx_word' id='word_1_13' title='bbox 228 366 361 415; x_wconf 89' lang='grc' dir='ltr'><strong><em>ΑΒ·</em></strong></span> <span class='ocrx_word' id='word_1_14' title='bbox 407 359 578 416; x_wconf 82' lang='grc' dir='ltr'><strong><em>πάλιν</em></strong></span> <span class='ocrx_word' id='word_1_15' title='bbox 624 359 731 434; x_wconf 79' lang='grc' dir='ltr'><strong><em>γὰρ</em></strong></span> <span class='ocrx_word' id='word_1_16' title='bbox 773 363 925 416; x_wconf 82' lang='grc' dir='ltr'><strong><em>ἔσται</em></strong></span> <span class='ocrx_word' id='word_1_17' title='bbox 964 357 998 431; x_wconf 82' lang='grc' dir='ltr'><em>ἡ</em></span> <span class='ocrx_word' id='word_1_18' title='bbox 1040 365 1149 415; x_wconf 91' lang='lat' dir='ltr'><strong><em>AB</em></strong></span> <span class='ocrx_word' id='word_1_19' title='bbox 1181 371 1300 427; x_wconf 81' lang='grc' dir='ltr'><strong><em>ταῖς</em></strong></span> <span class='ocrx_word' id='word_1_20' title='bbox 1338 365 1593 434; x_wconf 87' lang='grc' dir='ltr'><em>ΑΒΓΔ,</em></span> <span class='ocrx_word' id='word_1_21' title='bbox 1634 367 1739 417; x_wconf 91' lang='grc' dir='ltr'><strong><em>ΕΖ</em></strong></span> <span class='ocrx_word' id='word_1_22' title='bbox 1777 359 1931 418; x_wconf 79' lang='grc' dir='ltr'><strong><em>ἄντι-</em></strong></span> 
     </span>
     <span class='ocr_line' id='line_1_4' title="bbox 227 447 1931 523; baseline 0.002 -19"><span class='ocrx_word' id='word_1_23' title='bbox 227 448 507 520; x_wconf 87' lang='grc' dir='ltr'><strong><em>κειμέναις</em></strong></span> <span class='ocrx_word' id='word_1_24' title='bbox 560 453 951 521; x_wconf 88' lang='grc' dir='ltr'><strong><em>συμπίπτουσα</em></strong></span> <span class='ocrx_word' id='word_1_25' title='bbox 1003 447 1141 504; x_wconf 78' lang='grc' dir='ltr'><strong><em>κατὰ</em></strong></span> <span class='ocrx_word' id='word_1_26' title='bbox 1195 452 1426 505; x_wconf 83' lang='grc' dir='ltr'><strong><em>πλείονα</em></strong></span> <span class='ocrx_word' id='word_1_27' title='bbox 1480 461 1680 522; x_wconf 72' lang='grc' dir='ltr'><strong><em>σημεῖα</em></strong></span> <span class='ocrx_word' id='word_1_28' title='bbox 1732 447 1767 523; x_wconf 83' lang='grc' dir='ltr'>ἢ</span> <span class='ocrx_word' id='word_1_29' title='bbox 1813 451 1931 508; x_wconf 87' lang='grc' dir='ltr'><strong><em>τέσ-</em></strong></span> 
     </span>
     <span class='ocr_line' id='line_1_5' title="bbox 229 535 1643 611; baseline 0.003 -19"><span class='ocrx_word' id='word_1_30' title='bbox 229 554 373 610; x_wconf 91' lang='grc' dir='ltr'><strong><em>σαρα</em></strong></span> <span class='ocrx_word' id='word_1_31' title='bbox 414 535 558 608; x_wconf 82' lang='grc' dir='ltr'><strong><em>[ἀλλ’</em></strong></span> <span class='ocrx_word' id='word_1_32' title='bbox 604 535 739 595; x_wconf 75' lang='grc' dir='ltr'><strong><em>οὐδὲ</em></strong></span> <span class='ocrx_word' id='word_1_33' title='bbox 776 535 810 611; x_wconf 80' lang='grc' dir='ltr'>ἡ</span> <span class='ocrx_word' id='word_1_34' title='bbox 851 543 954 594; x_wconf 91' lang='grc' dir='ltr'><strong><em>ΓΔ</em></strong></span> <span class='ocrx_word' id='word_1_35' title='bbox 992 541 1058 611; x_wconf 80' lang='grc' dir='ltr'><strong><em>τῇ</em></strong></span> <span class='ocrx_word' id='word_1_36' title='bbox 1098 543 1202 593; x_wconf 91' lang='grc' dir='ltr'><strong><em>ΕΖ</em></strong></span> <span class='ocrx_word' id='word_1_37' title='bbox 1243 543 1643 610; x_wconf 59' lang='grc' dir='ltr'><strong><em>συμπεσεῖται]</em></strong></span> 
     </span>
    </p>

    <p class='ocr_par' dir='ltr' id='par_1_3' title="bbox 169 626 946 1058">
     <span class='ocr_line' id='line_1_6' title="bbox 169 626 944 700; baseline -0.004 -15"><span class='ocrx_word' id='word_1_38' title='bbox 169 646 195 685; x_wconf 82' lang='lat'>5</span> <span class='ocrx_word' id='word_1_39' title='bbox 340 630 392 683; x_wconf 85' lang='grc' dir='ltr'><strong><em>εί</em></strong></span> <span class='ocrx_word' id='word_1_40' title='bbox 437 628 522 699; x_wconf 79' lang='grc' dir='ltr'><strong><em>δέ,</em></strong></span> <span class='ocrx_word' id='word_1_41' title='bbox 580 626 655 694; x_wconf 77' lang='grc' dir='ltr'><strong><em>ὥς</em></strong></span> <span class='ocrx_word' id='word_1_42' title='bbox 700 631 810 700; x_wconf 79' lang='grc' dir='ltr'><strong><em>ἔχει</em></strong></span> <span class='ocrx_word' id='word_1_43' title='bbox 858 627 944 683; x_wconf 76' lang='grc' dir='ltr'><strong><em>ἐπὶ</em></strong></span> 
     </span>
     <span class='ocr_line' id='line_1_7' title="bbox 227 717 946 791; baseline 0.003 -20"><span class='ocrx_word' id='word_1_44' title='bbox 227 719 326 788; x_wconf 87' lang='grc' dir='ltr'><strong><em>τῆς</em></strong></span> <span class='ocrx_word' id='word_1_45' title='bbox 370 717 528 788; x_wconf 81' lang='grc' dir='ltr'><strong><em>ἕκτης</em></strong></span> <span class='ocrx_word' id='word_1_46' title='bbox 568 721 946 791; x_wconf 78' lang='grc' dir='ltr'><strong><em>καταγραφῆς,</em></strong></span> 
     </span>
     <span class='ocr_line' id='line_1_8' title="bbox 228 803 943 881; baseline 0.004 -21"><span class='ocrx_word' id='word_1_47' title='bbox 228 803 261 875; x_wconf 80' lang='grc' dir='ltr'><em>ἡ</em></span> <span class='ocrx_word' id='word_1_48' title='bbox 283 813 334 860; x_wconf 86' lang='lat' dir='ltr'><em>A</em></span> <span class='ocrx_word' id='word_1_49' title='bbox 344 811 391 861; x_wconf 93' lang='lat' dir='ltr'><em>B</em></span> <span class='ocrx_word' id='word_1_50' title='bbox 408 811 506 861; x_wconf 87' lang='grc' dir='ltr'><strong><em>ΓΔ</em></strong></span> <span class='ocrx_word' id='word_1_51' title='bbox 528 809 595 879; x_wconf 82' lang='grc' dir='ltr'><strong><em>τῇ</em></strong></span> <span class='ocrx_word' id='word_1_52' title='bbox 622 807 779 881; x_wconf 77' lang='grc' dir='ltr'><strong><em>ἑτέρᾳ</em></strong></span> <span class='ocrx_word' id='word_1_53' title='bbox 802 809 943 878; x_wconf 81' lang='grc' dir='ltr'><strong><em>τομῇ</em></strong></span> 
     </span>
     <span class='ocr_line' id='line_1_9' title="bbox 229 894 945 968; baseline 0.003 -19"><span class='ocrx_word' id='word_1_54' title='bbox 229 895 534 966; x_wconf 77' lang='grc' dir='ltr'><strong><em>συμβάλλει</em></strong></span> <span class='ocrx_word' id='word_1_55' title='bbox 604 894 743 952; x_wconf 81' lang='grc' dir='ltr'><strong><em>κατὰ</em></strong></span> <span class='ocrx_word' id='word_1_56' title='bbox 818 900 945 968; x_wconf 91' lang='grc' dir='ltr'><strong><em>τρία</em></strong></span> 
     </span>
     <span class='ocr_line' id='line_1_10' title="bbox 228 984 945 1058; baseline 0.003 -20"><span class='ocrx_word' id='word_1_57' title='bbox 228 995 446 1054; x_wconf 79' lang='grc' dir='ltr'><strong><em>σημεῖα,</em></strong></span> <span class='ocrx_word' id='word_1_58' title='bbox 486 984 520 1056; x_wconf 80' lang='grc' dir='ltr'><em>ἡ</em></span> <span class='ocrx_word' id='word_1_59' title='bbox 553 988 654 1039; x_wconf 91' lang='grc' dir='ltr'><strong><em>ΕΖ</em></strong></span> <span class='ocrx_word' id='word_1_60' title='bbox 688 986 754 1058; x_wconf 81' lang='grc' dir='ltr'><strong><em>τῇ</em></strong></span> <span class='ocrx_word' id='word_1_61' title='bbox 789 984 945 1058; x_wconf 75' lang='grc' dir='ltr'><strong><em>ἑτέρᾳ</em></strong></span> 
     </span>
    </p>

    <p class='ocr_par' dir='ltr' id='par_1_4' title="bbox 140 1071 946 1218">
     <span class='ocr_line' id='line_1_11' title="bbox 140 1071 946 1146; baseline 0 -16"><span class='ocrx_word' id='word_1_62' title='bbox 140 1091 196 1131; x_wconf 89' lang='grc'><strong><em>10</em></strong></span> <span class='ocrx_word' id='word_1_63' title='bbox 227 1071 359 1127; x_wconf 80' lang='grc' dir='ltr'><strong><em>καθ’</em></strong></span> <span class='ocrx_word' id='word_1_64' title='bbox 426 1075 489 1128; x_wconf 80' lang='grc' dir='ltr'><strong><em>ἓν</em></strong></span> <span class='ocrx_word' id='word_1_65' title='bbox 558 1073 739 1145; x_wconf 87' lang='grc' dir='ltr'><strong><em>μόνον</em></strong></span> <span class='ocrx_word' id='word_1_66' title='bbox 810 1089 946 1146; x_wconf 88' lang='grc' dir='ltr'><strong><em>συμ-</em></strong></span> 
     </span>
     <span class='ocr_line' id='line_1_12' title="bbox 226 1172 487 1218; baseline 0.008 -2"><span class='ocrx_word' id='word_1_67' title='bbox 226 1172 487 1218; x_wconf 79' lang='grc' dir='ltr'><strong><em>πεσεῖται.</em></strong></span> 
     </span>
    </p>

    <p class='ocr_par' dir='ltr' id='par_1_5' title="bbox 337 1250 945 1310">
     <span class='ocr_line' id='line_1_13' title="bbox 337 1250 945 1310; baseline 0.005 -5"><span class='ocrx_word' id='word_1_68' title='bbox 337 1251 432 1306; x_wconf 85' lang='grc' dir='ltr'><strong><em>καὶ</em></strong></span> <span class='ocrx_word' id='word_1_69' title='bbox 465 1250 552 1306; x_wconf 86' lang='grc' dir='ltr'><strong><em>ἐπὶ</em></strong></span> <span class='ocrx_word' id='word_1_70' title='bbox 584 1254 700 1307; x_wconf 80' lang='grc' dir='ltr'><strong><em>τῶν</em></strong></span> <span class='ocrx_word' id='word_1_71' title='bbox 731 1256 945 1310; x_wconf 80' lang='grc' dir='ltr'><strong><em>λοιπῶν</em></strong></span> 
     </span>
    </p>

    <p class='ocr_par' dir='ltr' id='par_1_6' title="bbox 226 1337 946 1500">
     <span class='ocr_line' id='line_1_14' title="bbox 226 1337 946 1414; baseline 0.006 -20"><span class='ocrx_word' id='word_1_72' title='bbox 226 1338 292 1395; x_wconf 83' lang='grc' dir='ltr'><strong><em>τὰ</em></strong></span> <span class='ocrx_word' id='word_1_73' title='bbox 327 1337 467 1395; x_wconf 77' lang='grc' dir='ltr'><strong><em>αὐτὰ</em></strong></span> <span class='ocrx_word' id='word_1_74' title='bbox 508 1350 625 1406; x_wconf 80' lang='grc' dir='ltr'><strong><em>τοῖς</em></strong></span> <span class='ocrx_word' id='word_1_75' title='bbox 655 1342 946 1414; x_wconf 76' lang='grc' dir='ltr'><strong><em>προτέροις</em></strong></span> 
     </span>
     <span class='ocr_line' id='line_1_15' title="bbox 230 1430 483 1500; baseline 0 -16"><span class='ocrx_word' id='word_1_76' title='bbox 230 1430 483 1500; x_wconf 84' lang='grc' dir='ltr'><strong><em>ἐροῦμεν.</em></strong></span> 
     </span>
    </p>

    <p class='ocr_par' dir='ltr' id='par_1_7' title="bbox 145 1511 1933 1771">
     <span class='ocr_line' id='line_1_16' title="bbox 145 1511 1933 1592; baseline 0 -15"><span class='ocrx_word' id='word_1_77' title='bbox 145 1537 198 1577; x_wconf 82' lang='grc'><strong><em>15</em></strong></span> <span class='ocrx_word' id='word_1_78' title='bbox 346 1517 461 1573; x_wconf 86' lang='grc' dir='ltr'><strong><em>ἐπεὶ</em></strong></span> <span class='ocrx_word' id='word_1_79' title='bbox 511 1511 615 1574; x_wconf 78' lang='grc' dir='ltr'><strong><em>οὖν</em></strong></span> <span class='ocrx_word' id='word_1_80' title='bbox 662 1520 801 1574; x_wconf 83' lang='grc' dir='ltr'><strong><em>κατὰ</em></strong></span> <span class='ocrx_word' id='word_1_81' title='bbox 846 1519 1028 1586; x_wconf 82' lang='grc' dir='ltr'><strong><em>πάσας</em></strong></span> <span class='ocrx_word' id='word_1_82' title='bbox 1072 1519 1170 1586; x_wconf 82' lang='grc' dir='ltr'><strong><em>τὰς</em></strong></span> <span class='ocrx_word' id='word_1_83' title='bbox 1216 1522 1583 1592; x_wconf 79' lang='grc' dir='ltr'><strong><em>ἐνδεχομένας</em></strong></span> <span class='ocrx_word' id='word_1_84' title='bbox 1636 1520 1933 1588; x_wconf 81' lang='grc' dir='ltr'><strong><em>διαστολὰς</em></strong></span> 
     </span>
     <span class='ocr_line' id='line_1_17' title="bbox 230 1605 1933 1682; baseline 0.003 -21"><span class='ocrx_word' id='word_1_85' title='bbox 230 1605 407 1677; x_wconf 84' lang='grc' dir='ltr'><strong><em>δῆλόν</em></strong></span> <span class='ocrx_word' id='word_1_86' title='bbox 462 1607 577 1662; x_wconf 89' lang='grc' dir='ltr'><strong><em>ἐστι</em></strong></span> <span class='ocrx_word' id='word_1_87' title='bbox 629 1605 691 1663; x_wconf 86' lang='grc' dir='ltr'><strong><em>τὸ</em></strong></span> <span class='ocrx_word' id='word_1_88' title='bbox 741 1609 1045 1681; x_wconf 80' lang='grc' dir='ltr'><strong><em>προτεθέν,</em></strong></span> <span class='ocrx_word' id='word_1_89' title='bbox 1102 1608 1478 1681; x_wconf 82' lang='grc' dir='ltr'><strong><em>ἀντικείμεναι</em></strong></span> <span class='ocrx_word' id='word_1_90' title='bbox 1527 1610 1933 1682; x_wconf 80' lang='grc' dir='ltr'><strong><em>ἀντικειμέναις</em></strong></span> 
     </span>
     <span class='ocr_line' id='line_1_18' title="bbox 230 1694 1781 1771; baseline 0.004 -22"><span class='ocrx_word' id='word_1_91' title='bbox 230 1696 300 1750; x_wconf 85' lang='grc' dir='ltr'><strong><em>οὐ</em></strong></span> <span class='ocrx_word' id='word_1_92' title='bbox 338 1694 724 1767; x_wconf 80' lang='grc' dir='ltr'><strong><em>συμβάλλουσι</em></strong></span> <span class='ocrx_word' id='word_1_93' title='bbox 762 1696 900 1754; x_wconf 80' lang='grc' dir='ltr'><strong><em>κατὰ</em></strong></span> <span class='ocrx_word' id='word_1_94' title='bbox 938 1702 1171 1755; x_wconf 88' lang='grc' dir='ltr'><strong><em>πλείονα</em></strong></span> <span class='ocrx_word' id='word_1_95' title='bbox 1210 1709 1409 1771; x_wconf 83' lang='grc' dir='ltr'><strong><em>σημεῖα</em></strong></span> <span class='ocrx_word' id='word_1_96' title='bbox 1447 1697 1482 1771; x_wconf 80' lang='grc' dir='ltr'>ἢ</span> <span class='ocrx_word' id='word_1_97' title='bbox 1525 1699 1781 1771; x_wconf 88' lang='grc' dir='ltr'><strong><em>τέσσαρα.</em></strong></span> 
     </span>
    </p>
   </div>
   <div class='ocr_carea' id='block_1_3' title="bbox 1080 691 1131 735">
    <p class='ocr_par' dir='ltr' id='par_1_8' title="bbox 1080 691 1131 735">
     <span class='ocr_line' id='line_1_19' title="bbox 1080 691 1131 735; baseline 0 -4"><span class='ocrx_word' id='word_1_98' title='bbox 1080 691 1131 735; x_wconf 85' lang='lat' dir='ltr'><em>A</em></span> 
     </span>
    </p>
   </div>
   <div class='ocr_carea' id='block_1_4' title="bbox 1006 0 2046 1430">
    <p class='ocr_par' dir='ltr' id='par_1_9' title="bbox 1006 0 2046 1430">
     <span class='ocr_line' id='line_1_20' title="bbox 1006 0 2046 1430; baseline 0 -535"><span class='ocrx_word' id='word_1_99' title='bbox 1006 738 1467 1430; x_wconf 95' lang='lat' dir='ltr'><strong><em> </em></strong></span> <span class='ocrx_word' id='word_1_100' title='bbox 2000 0 2046 895; x_wconf 95' lang='lat' dir='ltr'><strong><em> </em></strong></span> 
     </span>
    </p>
   </div>
   <div class='ocr_carea' id='block_1_5' title="bbox 141 1831 1937 2614">
    <p class='ocr_par' dir='ltr' id='par_1_10' title="bbox 141 1831 1937 2614">
     <span class='ocr_line' id='line_1_21' title="bbox 1026 1831 1131 1891; baseline -0.038 0"><span class='ocrx_word' id='word_1_101' title='bbox 1026 1831 1131 1891; x_wconf 81' lang='grc' dir='ltr'><strong><em>νς’.</em></strong></span> 
     </span>
     <span class='ocr_line' id='line_1_22' title="bbox 336 1915 1931 1993; baseline 0.003 -20"><span class='ocrx_word' id='word_1_102' title='bbox 336 1915 468 1973; x_wconf 78' lang='grc' dir='ltr'><strong><em>Ἐὰν</em></strong></span> <span class='ocrx_word' id='word_1_103' title='bbox 521 1916 900 1992; x_wconf 79' lang='grc' dir='ltr'><strong><em>ἀντικείμεναι</em></strong></span> <span class='ocrx_word' id='word_1_104' title='bbox 952 1919 1353 1992; x_wconf 81' lang='grc' dir='ltr'><strong><em>ἀντικειμένων</em></strong></span> <span class='ocrx_word' id='word_1_105' title='bbox 1399 1918 1530 1976; x_wconf 84' lang='grc' dir='ltr'><strong><em>καθ’</em></strong></span> <span class='ocrx_word' id='word_1_106' title='bbox 1589 1923 1651 1977; x_wconf 77' lang='grc' dir='ltr'><strong><em>ἓν</em></strong></span> <span class='ocrx_word' id='word_1_107' title='bbox 1699 1931 1931 1993; x_wconf 79' lang='grc' dir='ltr'><strong><em>σημεῖον</em></strong></span> 
     </span>
     <span class='ocr_line' id='line_1_23' title="bbox 141 2007 1932 2081; baseline -0.001 -15"><span class='ocrx_word' id='word_1_108' title='bbox 141 2027 199 2066; x_wconf 78' lang='grc'><strong><em>20</em></strong></span> <span class='ocrx_word' id='word_1_109' title='bbox 234 2008 608 2079; x_wconf 79' lang='grc' dir='ltr'><strong><em>ἐπιψαύωσιν,</em></strong></span> <span class='ocrx_word' id='word_1_110' title='bbox 658 2007 726 2064; x_wconf 85' lang='grc' dir='ltr'><strong><em>οὐ</em></strong></span> <span class='ocrx_word' id='word_1_111' title='bbox 774 2012 1188 2081; x_wconf 83' lang='grc' dir='ltr'><strong><em>συμπεσοῦνται</em></strong></span> <span class='ocrx_word' id='word_1_112' title='bbox 1235 2009 1325 2064; x_wconf 87' lang='grc' dir='ltr'><strong><em>καὶ</em></strong></span> <span class='ocrx_word' id='word_1_113' title='bbox 1376 2007 1495 2066; x_wconf 86' lang='grc' dir='ltr'><strong><em>κατ’</em></strong></span> <span class='ocrx_word' id='word_1_114' title='bbox 1546 2008 1687 2066; x_wconf 75' lang='grc' dir='ltr'><strong><em>ἄλλα</em></strong></span> <span class='ocrx_word' id='word_1_115' title='bbox 1734 2020 1932 2081; x_wconf 81' lang='grc' dir='ltr'><strong><em>σημεῖα</em></strong></span> 
     </span>
     <span class='ocr_line' id='line_1_24' title="bbox 228 2092 696 2167; baseline 0.009 -17"><span class='ocrx_word' id='word_1_116' title='bbox 228 2099 459 2151; x_wconf 85' lang='grc' dir='ltr'><strong><em>πλείονα</em></strong></span> <span class='ocrx_word' id='word_1_117' title='bbox 498 2092 533 2167; x_wconf 85' lang='grc' dir='ltr'><em>ἢ</em></span> <span class='ocrx_word' id='word_1_118' title='bbox 575 2096 696 2154; x_wconf 81' lang='grc' dir='ltr'><strong><em>δύο.</em></strong></span> 
     </span>
     <span class='ocr_line' id='line_1_25' title="bbox 343 2185 1937 2259; baseline 0.001 -19"><span class='ocrx_word' id='word_1_119' title='bbox 343 2189 592 2241; x_wconf 80' lang='grc' dir='ltr'><strong><em>ἔστωσαν</em></strong></span> <span class='ocrx_word' id='word_1_120' title='bbox 648 2185 1025 2259; x_wconf 81' lang='grc' dir='ltr'><strong><em>ἀντικείμεναι</em></strong></span> <span class='ocrx_word' id='word_1_121' title='bbox 1076 2189 1139 2242; x_wconf 81' lang='grc' dir='ltr'><strong><em>αἱ</em></strong></span> <span class='ocrx_word' id='word_1_122' title='bbox 1181 2192 1317 2258; x_wconf 84' lang='grc' dir='ltr'><strong><em>ΑΒ,</em></strong></span> <span class='ocrx_word' id='word_1_123' title='bbox 1357 2191 1469 2242; x_wconf 91' lang='grc' dir='ltr'><strong><em>ΒΓ</em></strong></span> <span class='ocrx_word' id='word_1_124' title='bbox 1505 2187 1599 2242; x_wconf 86' lang='grc' dir='ltr'><strong><em>καὶ</em></strong></span> <span class='ocrx_word' id='word_1_125' title='bbox 1644 2187 1826 2259; x_wconf 77' lang='grc' dir='ltr'><strong><em>ἕτεραι</em></strong></span> <span class='ocrx_word' id='word_1_126' title='bbox 1874 2189 1937 2242; x_wconf 77' lang='grc' dir='ltr'><strong><em>αἰ</em></strong></span> 
     </span>
     <span class='ocr_line' id='line_1_26' title="bbox 233 2272 1931 2347; baseline 0.001 -18"><span class='ocrx_word' id='word_1_127' title='bbox 233 2281 305 2344; x_wconf 87' lang='grc' dir='ltr'><strong><em>Δ,</em></strong></span> <span class='ocrx_word' id='word_1_128' title='bbox 337 2280 465 2345; x_wconf 86' lang='grc' dir='ltr'><strong><em>ΕΖ,</em></strong></span> <span class='ocrx_word' id='word_1_129' title='bbox 509 2274 602 2330; x_wconf 85' lang='grc' dir='ltr'><strong><em>καὶ</em></strong></span> <span class='ocrx_word' id='word_1_130' title='bbox 641 2272 676 2346; x_wconf 79' lang='grc' dir='ltr'><em>ἡ</em></span> <span class='ocrx_word' id='word_1_131' title='bbox 717 2281 887 2330; x_wconf 90' lang='grc' dir='ltr'><strong><em>ΒΓΔ</em></strong></span> <span class='ocrx_word' id='word_1_132' title='bbox 925 2284 1023 2347; x_wconf 82' lang='grc' dir='ltr'><strong><em>τῆς</em></strong></span> <span class='ocrx_word' id='word_1_133' title='bbox 1061 2282 1170 2331; x_wconf 92' lang='lat' dir='ltr'><strong><em>AB</em></strong></span> <span class='ocrx_word' id='word_1_134' title='bbox 1211 2276 1544 2346; x_wconf 83' lang='grc' dir='ltr'><strong><em>ἐφαπτέσθω</em></strong></span> <span class='ocrx_word' id='word_1_135' title='bbox 1583 2273 1720 2331; x_wconf 82' lang='grc' dir='ltr'><strong><em>κατὰ</em></strong></span> <span class='ocrx_word' id='word_1_136' title='bbox 1758 2277 1822 2331; x_wconf 86' lang='grc' dir='ltr'><strong><em>τὸ</em></strong></span> <span class='ocrx_word' id='word_1_137' title='bbox 1865 2281 1931 2346; x_wconf 86' lang='grc' dir='ltr'><strong><em>Β,</em></strong></span> 
     </span>
     <span class='ocr_line' id='line_1_27' title="bbox 230 2361 1929 2436; baseline 0.001 -18"><span class='ocrx_word' id='word_1_138' title='bbox 230 2363 321 2418; x_wconf 85' lang='grc' dir='ltr'><strong><em>καὶ</em></strong></span> <span class='ocrx_word' id='word_1_139' title='bbox 354 2364 629 2434; x_wconf 83' lang='grc' dir='ltr'><strong><em>ἐχέτωσαν</em></strong></span> <span class='ocrx_word' id='word_1_140' title='bbox 653 2361 1108 2436; x_wconf 76' lang='grc' dir='ltr'><strong><em>ἄντεστραμμένα</em></strong></span> <span class='ocrx_word' id='word_1_141' title='bbox 1138 2364 1205 2419; x_wconf 79' lang='grc' dir='ltr'><strong><em>τὰ</em></strong></span> <span class='ocrx_word' id='word_1_142' title='bbox 1231 2362 1424 2436; x_wconf 80' lang='grc' dir='ltr'><strong><em>κυρτά,</em></strong></span> <span class='ocrx_word' id='word_1_143' title='bbox 1455 2363 1548 2418; x_wconf 86' lang='grc' dir='ltr'><strong><em>καὶ</em></strong></span> <span class='ocrx_word' id='word_1_144' title='bbox 1580 2363 1929 2434; x_wconf 86' lang='grc' dir='ltr'><strong><em>συμπιπτέτω</em></strong></span> 
     </span>
     <span class='ocr_line' id='line_1_28' title="bbox 141 2448 1930 2525; baseline -0.001 -15"><span class='ocrx_word' id='word_1_145' title='bbox 141 2470 198 2510; x_wconf 80' lang='lat'><strong><em>25</em></strong></span> <span class='ocrx_word' id='word_1_146' title='bbox 230 2454 454 2521; x_wconf 80' lang='grc' dir='ltr'><strong><em>πρῶτον</em></strong></span> <span class='ocrx_word' id='word_1_147' title='bbox 502 2448 536 2522; x_wconf 77' lang='grc' dir='ltr'><em>ἡ</em></span> <span class='ocrx_word' id='word_1_148' title='bbox 577 2456 747 2506; x_wconf 91' lang='grc' dir='ltr'><strong><em>ΒΓΔ</em></strong></span> <span class='ocrx_word' id='word_1_149' title='bbox 792 2461 857 2525; x_wconf 84' lang='grc' dir='ltr'><strong><em>τῇ</em></strong></span> <span class='ocrx_word' id='word_1_150' title='bbox 898 2458 1008 2508; x_wconf 91' lang='grc' dir='ltr'><strong><em>ΓΔ</em></strong></span> <span class='ocrx_word' id='word_1_151' title='bbox 1052 2451 1192 2509; x_wconf 82' lang='grc' dir='ltr'><strong><em>κατὰ</em></strong></span> <span class='ocrx_word' id='word_1_152' title='bbox 1238 2451 1342 2507; x_wconf 77' lang='grc' dir='ltr'><strong><em>δύο</em></strong></span> <span class='ocrx_word' id='word_1_153' title='bbox 1391 2463 1588 2524; x_wconf 78' lang='grc' dir='ltr'><strong><em>σημεῖα</em></strong></span> <span class='ocrx_word' id='word_1_154' title='bbox 1633 2451 1703 2508; x_wconf 82' lang='grc' dir='ltr'><strong><em>τὰ</em></strong></span> <span class='ocrx_word' id='word_1_155' title='bbox 1746 2457 1816 2523; x_wconf 87' lang='grc' dir='ltr'><strong><em>Γ,</em></strong></span> <span class='ocrx_word' id='word_1_156' title='bbox 1857 2459 1930 2523; x_wconf 88' lang='grc' dir='ltr'><strong><em>Δ,</em></strong></span> 
     </span>
     <span class='ocr_line' id='line_1_29' title="bbox 233 2539 1170 2614; baseline 0.002 -18"><span class='ocrx_word' id='word_1_157' title='bbox 233 2539 307 2606; x_wconf 80' lang='grc' dir='ltr'><strong><em>ὦς</em></strong></span> <span class='ocrx_word' id='word_1_158' title='bbox 347 2540 434 2596; x_wconf 82' lang='grc' dir='ltr'><strong><em>ἐπὶ</em></strong></span> <span class='ocrx_word' id='word_1_159' title='bbox 474 2549 575 2595; x_wconf 90' lang='grc' dir='ltr'><strong><em>τοῦ</em></strong></span> <span class='ocrx_word' id='word_1_160' title='bbox 615 2541 839 2612; x_wconf 79' lang='grc' dir='ltr'><strong><em>πρώτου</em></strong></span> <span class='ocrx_word' id='word_1_161' title='bbox 880 2541 1170 2614; x_wconf 84' lang='grc' dir='ltr'><strong><em>σχήματος.</em></strong></span> 
     </span>
    </p>
   </div>
   <div class='ocr_carea' id='block_1_6' title="bbox 235 2628 592 2634">
    <p class='ocr_par' dir='ltr' id='par_1_11' title="bbox 235 2628 592 2634">
     <span class='ocr_line' id='line_1_30' title="bbox 235 2628 592 2634; baseline 0 0"><span class='ocrx_word' id='word_1_162' title='bbox 235 2628 592 2634; x_wconf 95' lang='lat' dir='ltr'><strong><em> </em></strong></span> 
     </span>
    </p>
   </div>
   <div class='ocr_carea' id='block_1_7' title="bbox 232 2656 1931 3002">
    <p class='ocr_par' dir='ltr' id='par_1_12' title="bbox 232 2656 1931 3002">
     <span class='ocr_line' id='line_1_31' title="bbox 355 2656 1931 2719; baseline -0.002 -14"><span class='ocrx_word' id='word_1_163' title='bbox 355 2666 393 2705; x_wconf 93' lang='grc'><strong><em>1.</em></strong></span> <span class='ocrx_word' id='word_1_164' title='bbox 427 2656 651 2717; x_wconf 70' lang='grc' dir='ltr'><strong><em>οὖ(ει11;.)]</em></strong></span> <span class='ocrx_word' id='word_1_165' title='bbox 687 2672 776 2703; x_wconf 90' lang='lat' dir='ltr'><strong><em>om.</em></strong></span> <span class='ocrx_word' id='word_1_166' title='bbox 803 2673 847 2715; x_wconf 89' lang='lat' dir='ltr'><strong><em>p.</em></strong></span> <span class='ocrx_word' id='word_1_167' title='bbox 971 2665 1012 2705; x_wconf 83' lang='lat'><strong><em>4.</em></strong></span> <span class='ocrx_word' id='word_1_168' title='bbox 1048 2661 1153 2719; x_wconf 89' lang='grc' dir='ltr'><strong><em>ΓΔ]</em></strong></span> <span class='ocrx_word' id='word_1_169' title='bbox 1188 2660 1285 2703; x_wconf 85' lang='grc' dir='ltr'><strong><em>ΗΘ</em></strong></span> <span class='ocrx_word' id='word_1_170' title='bbox 1315 2658 1505 2715; x_wconf 83' lang='lat' dir='ltr'>Halley‚</span> <span class='ocrx_word' id='word_1_171' title='bbox 1537 2673 1596 2703; x_wconf 82' lang='lat' dir='ltr'><strong><em>ne</em></strong></span> <span class='ocrx_word' id='word_1_172' title='bbox 1628 2659 1821 2704; x_wconf 82' lang='lat' dir='ltr'>eaedem</span> <span class='ocrx_word' id='word_1_173' title='bbox 1851 2657 1931 2703; x_wconf 67' lang='lat' dir='ltr'>lifi-</span> 
     </span>
     <span class='ocr_line' id='line_1_32' title="bbox 233 2714 1930 2776; baseline -0.002 -11"><span class='ocrx_word' id='word_1_174' title='bbox 233 2724 364 2766; x_wconf 76' lang='lat' dir='ltr'><strong>terae</strong></span> <span class='ocrx_word' id='word_1_175' title='bbox 395 2718 468 2764; x_wconf 81' lang='lat' dir='ltr'><strong><em>bis</em></strong></span> <span class='ocrx_word' id='word_1_176' title='bbox 498 2722 748 2776; x_wconf 80' lang='lat' dir='ltr'>ponantur,</span> <span class='ocrx_word' id='word_1_177' title='bbox 783 2719 863 2762; x_wconf 85' lang='lat' dir='ltr'><strong><em>sed</em></strong></span> <span class='ocrx_word' id='word_1_178' title='bbox 896 2719 1054 2775; x_wconf 78' lang='lat' dir='ltr'><strong>potius</strong></span> <span class='ocrx_word' id='word_1_179' title='bbox 1086 2714 1192 2764; x_wconf 74' lang='grc' dir='ltr'><strong><em>ἀλλ’</em></strong></span> <span class='ocrx_word' id='word_1_180' title='bbox 1223 2743 1278 2751; x_wconf 91' lang='grc'>-</span> <span class='ocrx_word' id='word_1_181' title='bbox 1310 2722 1617 2776; x_wconf 82' lang='grc' dir='ltr'><strong><em>συμπεσεῖται</em></strong></span> <span class='ocrx_word' id='word_1_182' title='bbox 1648 2717 1850 2763; x_wconf 83' lang='lat' dir='ltr'><strong>delenda</strong></span> <span class='ocrx_word' id='word_1_183' title='bbox 1881 2718 1930 2762; x_wconf 71' lang='lat' dir='ltr'><strong><em>et</em></strong></span> 
     </span>
     <span class='ocr_line' id='line_1_33' title="bbox 234 2773 1930 2836; baseline -0.002 -12"><span class='ocrx_word' id='word_1_184' title='bbox 234 2780 283 2824; x_wconf 87' lang='lat' dir='ltr'><strong><em>in</em></strong></span> <span class='ocrx_word' id='word_1_185' title='bbox 315 2779 390 2836; x_wconf 89' lang='lat' dir='ltr'><strong><em>fig.</em></strong></span> <span class='ocrx_word' id='word_1_186' title='bbox 423 2778 613 2823; x_wconf 77' lang='lat' dir='ltr'><strong>litterae</strong></span> <span class='ocrx_word' id='word_1_187' title='bbox 648 2780 701 2834; x_wconf 89' lang='grc' dir='ltr'><strong><em>Γ,</em></strong></span> <span class='ocrx_word' id='word_1_188' title='bbox 726 2781 769 2821; x_wconf 89' lang='grc' dir='ltr'><em>Δ</em></span> <span class='ocrx_word' id='word_1_189' title='bbox 799 2776 850 2820; x_wconf 87' lang='lat' dir='ltr'><strong><em>in</em></strong></span> <span class='ocrx_word' id='word_1_190' title='bbox 882 2778 1112 2835; x_wconf 72' lang='lat' dir='ltr'><strong>opposita.</strong></span> <span class='ocrx_word' id='word_1_191' title='bbox 1266 2781 1337 2822; x_wconf 92' lang='grc'><strong><em>20.</em></strong></span> <span class='ocrx_word' id='word_1_192' title='bbox 1379 2773 1699 2836; x_wconf 79' lang='grc' dir='ltr'><strong><em>ἑπιψαύωσιν]</em></strong></span> <span class='ocrx_word' id='word_1_193' title='bbox 1737 2791 1791 2833; x_wconf 88' lang='lat' dir='ltr'><strong><em>p,</em></strong></span> <span class='ocrx_word' id='word_1_194' title='bbox 1832 2773 1930 2822; x_wconf 81' lang='grc' dir='ltr'><strong><em>ἑπι-</em></strong></span> 
     </span>
     <span class='ocr_line' id='line_1_34' title="bbox 232 2835 1929 2894; baseline -0.002 -11"><span class='ocrx_word' id='word_1_195' title='bbox 232 2837 474 2892; x_wconf 80' lang='grc' dir='ltr'><strong><em>ψαύουσιν</em></strong></span> <span class='ocrx_word' id='word_1_196' title='bbox 505 2837 562 2893; x_wconf 87' lang='lat' dir='ltr'><strong><em>V,</em></strong></span> <span class='ocrx_word' id='word_1_197' title='bbox 596 2838 645 2881; x_wconf 75' lang='lat' dir='ltr'><strong><em>eb</em></strong></span> <span class='ocrx_word' id='word_1_198' title='bbox 676 2850 715 2893; x_wconf 86' lang='lat'><strong><em>0,</em></strong></span> <span class='ocrx_word' id='word_1_199' title='bbox 748 2835 830 2881; x_wconf 84' lang='lat' dir='ltr'><strong><em>sed</em></strong></span> <span class='ocrx_word' id='word_1_200' title='bbox 862 2851 977 2881; x_wconf 85' lang='lat' dir='ltr'><strong>corr.</strong></span> <span class='ocrx_word' id='word_1_201' title='bbox 1002 2851 1063 2881; x_wconf 91' lang='lat' dir='ltr'><strong><em>m.</em></strong></span> <span class='ocrx_word' id='word_1_202' title='bbox 1091 2842 1129 2881; x_wconf 92' lang='lat'><strong><em>1.</em></strong></span> <span class='ocrx_word' id='word_1_203' title='bbox 1253 2840 1324 2880; x_wconf 90' lang='grc'><strong><em>22.</em></strong></span> <span class='ocrx_word' id='word_1_204' title='bbox 1357 2837 1472 2894; x_wconf 91' lang='grc' dir='ltr'><strong><em>ΒΓ]</em></strong></span> <span class='ocrx_word' id='word_1_205' title='bbox 1508 2838 1591 2880; x_wconf 88' lang='grc' dir='ltr'><strong><em>ΓΔ</em></strong></span> <span class='ocrx_word' id='word_1_206' title='bbox 1621 2835 1794 2892; x_wconf 81' lang='lat' dir='ltr'>Halley</span> <span class='ocrx_word' id='word_1_207' title='bbox 1823 2849 1929 2880; x_wconf 89' lang='lat' dir='ltr'><strong><em>cum</em></strong></span> 
     </span>
     <span class='ocr_line' id='line_1_35' title="bbox 235 2894 1929 2954; baseline -0.002 -12"><span class='ocrx_word' id='word_1_208' title='bbox 235 2897 409 2943; x_wconf 88' lang='lat' dir='ltr'><strong>Comm.</strong></span> <span class='ocrx_word' id='word_1_209' title='bbox 544 2901 615 2941; x_wconf 88' lang='grc'><strong><em>23.</em></strong></span> <span class='ocrx_word' id='word_1_210' title='bbox 653 2896 715 2954; x_wconf 91' lang='grc' dir='ltr'><strong><em>Δ]</em></strong></span> <span class='ocrx_word' id='word_1_211' title='bbox 751 2899 842 2940; x_wconf 92' lang='grc' dir='ltr'><strong><em>ΒΓ</em></strong></span> <span class='ocrx_word' id='word_1_212' title='bbox 866 2895 1038 2953; x_wconf 83' lang='lat' dir='ltr'>Halley</span> <span class='ocrx_word' id='word_1_213' title='bbox 1068 2896 1327 2953; x_wconf 82' lang='lat' dir='ltr'><strong>praeeunte</strong></span> <span class='ocrx_word' id='word_1_214' title='bbox 1359 2894 1535 2940; x_wconf 86' lang='lat' dir='ltr'><strong>Comm.</strong></span> <span class='ocrx_word' id='word_1_215' title='bbox 1667 2895 1773 2954; x_wconf 90' lang='lat' dir='ltr'><strong><em>EZ]</em></strong></span> <span class='ocrx_word' id='word_1_216' title='bbox 1810 2909 1929 2951; x_wconf 86' lang='lat' dir='ltr'>cvp,</span> 
     </span>
     <span class='ocr_line' id='line_1_36' title="bbox 234 2956 719 3002; baseline 0 -2"><span class='ocrx_word' id='word_1_217' title='bbox 234 2960 269 3000; x_wconf 94' lang='lat' dir='ltr'><strong>Z</strong></span> <span class='ocrx_word' id='word_1_218' title='bbox 301 2972 325 3002; x_wconf 84' lang='lat' dir='ltr'>e</span> <span class='ocrx_word' id='word_1_219' title='bbox 359 2971 473 3002; x_wconf 83' lang='lat' dir='ltr'><strong>corr.</strong></span> <span class='ocrx_word' id='word_1_220' title='bbox 507 2971 568 3000; x_wconf 92' lang='lat' dir='ltr'><strong><em>m.</em></strong></span> <span class='ocrx_word' id='word_1_221' title='bbox 604 2960 627 2998; x_wconf 93' lang='lat'>1</span> <span class='ocrx_word' id='word_1_222' title='bbox 668 2956 719 3000; x_wconf 93' lang='lat' dir='ltr'><strong><em>V.</em></strong></span> 
     </span>
    </p>
   </div>
  </div>
 </body>
</html>
