2034 3216
621 144 977 189 CONICORUM
1008 144 1188 185 LIBER
1219 144 1295 185 iv.
1725 138 1791 189 13

221 284 288 320 ne
329 266 486 319 cadat
525 265 689 334 enim,
737 264 853 333 sed,
893 263 938 316 si
976 263 1093 315 fieri
1131 264 1335 331 potest,
1377 260 1448 313 sit
1488 262 1615 312 BH.
1691 259 1793 311 ita-

102 373 203 425 que
242 354 344 408 erit
383 351 510 423 [111‚
551 353 644 419 35]

591 455 1299 522 PAzAE=FHzHE3

108 560 250 631 quod
287 561 404 614 fieri
443 578 552 613 non
591 560 785 628 potest.

903 746 995 801 VI.

219 867 275 923 Si
314 872 466 922 extra
504 867 859 938 hyperbolam
898 868 1157 935 punctum
1192 864 1409 934 aliquod
1442 864 1684 933 sumitur,
1724 864 1791 916 ab

23 1022 26 1023 γ
112 975 279 1027 eoque
322 958 388 1010 ad
429 957 720 1011 sectionem
761 955 895 1007 duae
935 957 1111 1008 rectae
1150 953 1531 1023 perducuntur,
1570 971 1793 1022 quarum

23 1044 27 1046 ’
109 1047 280 1099 altera
309 1046 592 1115 contingit,
623 1040 793 1097 altera
824 1044 1070 1096 alterutri
1104 1045 1535 1112 asymptotarum
1567 1042 1792 1110 paralle-

17 1203 19 1207 .
108 1135 161 1188 la
201 1138 297 1203 est,
337 1138 391 1188 et
419 1137 596 1188 rectae
630 1134 694 1186 de
727 1133 984 1202 parallelo
1017 1132 1158 1184 inter
1191 1132 1484 1184 sectionem
1516 1132 1794 1199 punctum-

22 1256 23 1259 =
111 1241 212 1292 que
261 1223 502 1276 abscisae
542 1222 782 1291 aequalis
822 1224 969 1274 recta
1005 1221 1063 1272 in
1102 1238 1164 1272 ea
1202 1220 1463 1289 producta
1500 1219 1645 1271 intra
1685 1236 1795 1271 sec-

111 1312 314 1365 tionem
354 1313 587 1382 ponitur,
626 1313 774 1363 recta
814 1330 845 1362 a
884 1313 1081 1378 puncto
1124 1311 1403 1361 contactus
1438 1308 1503 1360 ad
1538 1310 1794 1376 punctum

109 1400 188 1453 ita
235 1403 414 1454 ortum
463 1400 622 1452 ducta
669 1417 790 1451 cum
838 1398 1073 1451 sectione
1121 1400 1423 1465 concurret,
1471 1398 1525 1447 et
1570 1398 1717 1448 recta
1763 1414 1796 1448 a

113 1492 311 1558 puncto
374 1506 662 1542 concursus
725 1487 791 1540 ad
851 1489 1112 1556 punctum
1174 1486 1504 1538 extrinsecus
1559 1484 1794 1553 positum

19 1639 22 1641 ,
110 1577 269 1631 ducta
309 1578 599 1631 sectionem
639 1576 930 1644 continget.

222 1666 294 1719 sit
332 1666 630 1735 hyperbola
672 1667 848 1733 ΑΕΒ,
889 1666 943 1716 et
982 1663 1311 1716 extrinsecus
1354 1665 1597 1715 sumatur
1631 1679 1795 1731 punc-

110 1757 227 1808 tum
267 1754 482 1824 aliquod
513 1757 582 1822 A,
622 1756 675 1805 et
715 1753 865 1821 prius
900 1756 954 1803 A
985 1751 1225 1820 positum
1259 1752 1330 1804 sit
1361 1751 1504 1803 intra
1536 1750 1795 1819 angulum

419 1867 468 1908 B
819 1841 885 1892 ab
950 1839 1274 1908 asymptotis
1338 1839 1796 1908 comprehensum,

820 1930 886 1981 ab
932 1946 1099 1996 eoque
1140 1927 1418 1997 contingat
1463 1930 1598 1995 BA,
1630 1929 1795 1978 ΔΕΖ

540 2028 590 2072 H
820 2019 997 2069 autem
1075 2016 1232 2068 alteri
1310 2017 1652 2084 asymptotae
1724 2015 1797 2067 sit

819 2105 1093 2173 parallela‚
1116 2106 1452 2172 ponaturque
1476 2106 1579 2154 EZ
1595 2128 1663 2145 =
1678 2105 1796 2156 AE.

19 2258 25 2270 ,
821 2192 953 2261 dico⁷
992 2195 1197 2245 rectam
1239 2210 1269 2243 a
1304 2195 1350 2243 B
1391 2191 1457 2243 ad
1497 2194 1541 2242 Z
1581 2191 1796 2243 ductam

20 2318 43 2358 ἓ
822 2298 940 2332 cum
974 2280 1207 2333 sectione
1240 2296 1566 2348 concurrere,
1605 2282 1659 2331 et
1690 2297 1796 2331 rec-

20 2382 23 2384 ·
820 2371 934 2420 tam
981 2387 1013 2420 a
1058 2371 1255 2436 puncto
1300 2385 1588 2420 concursus
1637 2367 1704 2419 ad
1743 2370 1797 2418 A

822 2456 1036 2508 ductam
1075 2457 1365 2509 sectionem
1406 2456 1724 2523 contingere.

228 2542 451 2595 ducatur
490 2544 632 2595 enim
674 2547 790 2596 AA
829 2544 1121 2597 sectionem
1160 2544 1503 2614 contingens,
1544 2546 1598 2596 et
1637 2544 1796 2596 ducta

117 2633 247 2700 BA,
294 2631 341 2683 si
379 2631 496 2683 fieri
533 2634 738 2701 potest,
786 2636 987 2686 rectam
1029 2636 1143 2684 ΔΕ
1184 2634 1242 2685 in
1287 2637 1331 2685 Z
1377 2651 1443 2684 ne
1492 2635 1653 2696 secet,
1704 2632 1797 2684 sed

117 2717 172 2768 in
222 2718 328 2770 alio
376 2722 575 2787 puncto
623 2724 694 2773 H.
771 2721 872 2773 erit
917 2721 1082 2790 igitur
1126 2724 1241 2773 AE
1263 2746 1332 2763 =
1358 2723 1480 2772 ΕΗ
1513 2720 1637 2788 [III‚
1678 2721 1796 2790 30];

120 2805 261 2874 quod
303 2806 595 2860 absurdum
635 2811 738 2877 est3
780 2810 1159 2877 supposuimus
1200 2810 1353 2877 enim,
1394 2826 1505 2861 esse

786 2915 990 2963 AE=
1017 2915 1134 2964 EZ.
