2046 3224
713 159 1173 202 PROLEGOMENA.
1695 156 1797 201 XLI

110 276 424 335 παράλληλος,
472 275 554 320 καὶ
599 272 628 331 ἡ
672 279 769 319 ΖΗ
810 271 904 332 ἄρα
942 272 1235 333 παράλληλός
1275 271 1370 319 ἐστι
1409 275 1463 333 τῇ
1504 270 1624 318 κατὰ
1665 271 1718 320 τὸ
1758 279 1799 318 Λ

111 363 440 424 ἐφαπτομένῃ,
496 365 577 409 καὶ
628 363 707 408 διὰ
754 364 894 408 τοῦτο
940 363 1021 408 καὶ
1067 359 1096 419 ἡ
1146 367 1235 407 ΖΚ
1276 364 1332 421 τῇ
1379 366 1485 407 ΚΗ
1531 335 1657 409 εὀβτιν
1705 344 1802 412 ἴσοα.

110 429 304 490 ἐδείχθη
338 431 390 476 δὲ
424 431 505 476 καὶ
537 426 566 486 ἡ
601 431 686 475 ΖΘ
718 431 774 488 τῇ
811 432 911 474 ΘΗ
938 431 1014 486 ἴση
1106 434 1163 474 24
1195 427 1460 489 ἀδύνατον]
1492 426 1671 476 ἄτοπον

226 521 271 563 p.
297 509 398 562 244,
426 509 450 549 7
476 504 578 563 BA]
603 507 685 547 AB
773 507 827 547 10
854 500 976 547 ἐστὶν
999 503 1098 562 ἴση]
1124 505 1198 559 ἴση
1225 499 1349 547 ἐστίν
1431 504 1552 563 ΔΓ]
1578 508 1670 548 ΒΓ
1742 508 1798 548 18

110 567 373 630 ἀδύνατον]
399 566 580 616 ἄτοπον
663 575 717 614 21
744 570 848 627 BA]
874 573 954 612 AB
1040 574 1095 614 23
1120 570 1314 628 γωνίας]
1332 571 1505 627 γωνίας
1527 566 1579 615 τὸ
1606 569 1800 628 κέντρον

169 642 226 683 24
257 634 505 682 ὑπόκειται
535 632 588 681 τὸ
621 641 657 680 Α

229 720 275 761 Ρ.
309 707 419 760 246,
451 708 476 748 5
511 699 904 760 ἐπιζευγνυμένη]
938 701 1023 758 bie,
1058 702 1138 746 sed
1170 715 1283 746 corr.
1375 701 1601 761 πιπτέτω]
1637 700 1715 748 ἐπὶ
1746 701 1798 748 τὸ

110 775 146 814 Β
178 770 384 815 πιπτέτω
479 774 531 814 11
566 769 670 827 καί]
704 783 792 813 om.
881 772 934 813 12
969 764 1092 812 ἐστιν
1123 765 1239 827 ἄρα]
1265 764 1359 825 ἄρα
1393 765 1518 813 ἐστίν
1604 770 1827 827 15’και’]·

109 837 191 882 καὶ
231 833 310 881 διὰ
350 837 434 880 τοῦ
476 839 526 879 Η
617 830 776 894 ἤχθω]
810 848 898 880 om,
1002 839 1055 879 18
1091 838 1182 878 ΓΔ
1214 834 1354 892 (alb.)]
1389 841 1431 878 A
1463 849 1487 879 e
1528 849 1641 880 corr.
1742 839 1798 880 25

110 899 195 959 τὴν
226 899 374 960 τομὴν
406 902 598 960 γωνίας]
632 914 720 945 om.
812 905 867 946 28
900 901 1002 959 καί]
1036 914 1125 946 om.

230 992 274 1033 p.
309 980 410 1031 248,
445 980 470 1020 6
504 975 617 1033 ZH]
650 978 739 1019 ΖΚ
826 970 952 1032 ἤτοι]
984 971 1014 1031 ἥ
1106 980 1132 1019 9
1164 974 1267 1034 W]
1295 964 1357 1034 ῆς
1385 964 1444 1032 ἦ
1471 989 1564 1031 mg.

231 1058 276 1100 p.
310 1045 416 1098 250,
458 1047 483 1086 3
523 1041 600 1100 τῇ]
635 1055 774 1098 supra
821 1054 905 1087 sor.
1011 1042 1121 1098 post
1157 1041 1274 1100 τομῇ
1314 1041 1402 1086 del.
1443 1038 1668 1098 ἤχθωσαν
1708 1037 1799 1099 γὰρ

111 1113 413 1175 ασύμπτωτοι
519 1121 544 1159 9
592 1112 688 1174 λδ’]
725 1119 776 1172 λγ
823 1117 877 1159 λδ
923 1130 1039 1172 mg,
1088 1116 1134 1160 et
1178 1115 1244 1160 sic
1283 1115 1501 1171 deinceps
1601 1118 1658 1158 25
1698 1114 1804 1172 AB]

27 1204 32 1210 ¹
111 1186 208 1227 AH
295 1188 350 1228 28
383 1178 433 1240 ἡ]
469 1195 558 1227 om.

231 1271 276 1314 p.
310 1260 417 1312 252,
459 1260 484 1299 6
530 1255 585 1313 τῇ
620 1281 673 1287 -
708 1259 733 1298 8
774 1255 943 1313 παρῶ]
977 1270 1070 1312 mg.
1109 1257 1217 1312 post
1253 1269 1343 1300 raS.
1452 1260 1478 1299 8
1520 1255 1719 1313 -λληλος]
1752 1253 1802 1298 in

113 1337 202 1367 ras.
295 1327 320 1366 9
352 1317 644 1378 παράλληλος
676 1348 729 1354 -
766 1325 817 1364 11
852 1317 965 1379 ἄρα]
998 1322 1084 1377 bis,
1118 1322 1198 1366 sed
1231 1335 1345 1366 corr.

232 1411 276 1453 p.
311 1400 412 1451 254,
446 1399 470 1438 1
512 1393 637 1439 ἔστιν
678 1396 774 1454 ἴση]
809 1397 884 1451 ἴση
925 1391 1049 1440 ἐστίν
1149 1400 1174 1439 6
1215 1390 1332 1452 ἔστι]
1375 1392 1504 1438 ἔσται
1605 1399 1660 1438 22
1694 1395 1803 1453 ΖΓ]

118 1466 200 1506 ΓΖ
291 1466 347 1506 23
381 1458 493 1520 ἄρα]
520 1458 613 1519 ἄρα
646 1459 750 1506 ἐστι’
836 1466 891 1505 24
925 1465 1020 1505 ΖΗ
1045 1460 1185 1519 (alt.)]
1213 1465 1302 1504 HZ
1386 1465 1442 1505 28
1477 1457 1803 1519 ἐπιψαύουσαι

113 1530 432 1586 συμπίπτουσιν

231 1610 276 1652 p.
319 1591 427 1650 256,
462 1599 485 1639 7
527 1595 656 1653 δίχα]
689 1593 718 1650 ἡ
761 1598 844 1639 ΓΔ
884 1596 992 1651 δίχα
1101 1598 1152 1638 11
1198 1592 1311 1638 ἔστω
1359 1593 1468 1651 γάρ]
1503 1592 1548 1638 εἰ
1589 1590 1678 1651 γὰρ
1727 1590 1804 1651 μή,

117 1660 231 1707 ἔστω
260 1713 262 1715 .
315 1663 368 1704 15
394 1661 498 1719 ΑΒ]
525 1674 637 1705 corr.
662 1675 717 1706 ex
741 1665 829 1704 AA
907 1664 960 1705 19
986 1657 1101 1718 ἄρα]
1126 1657 1219 1716 ἄρα
1246 1656 1347 1704 ἔστί
1421 1661 1537 1718 ΗΚ]
1567 1663 1667 1703 ΗΧ
1747 1664 1804 1704 20

116 1723 230 1773 ὥστε
271 1726 352 1772 καὶ
390 1722 419 1782 ἡ
462 1728 579 1786 ΗΚ]
614 1723 810 1785 ἐδείχθη
852 1725 904 1771 δὲ
944 1723 973 1782 ἡ
1014 1730 1113 1770 ΑΗ
1147 1727 1201 1786 τῇ
1238 1729 1326 1770 ΗΒ
1370 1727 1464 1782 ἴση·
1506 1723 1535 1782 ἡ
1579 1729 1682 1769 ΗΧ
1708 1723 1802 1782 ἄρα

235 1809 278 1851 Ρ.
313 1797 415 1850 258,
449 1798 472 1838 7
507 1790 593 1838 οὐκ
626 1791 718 1851 ἄρα
750 1790 930 1851 ἄνισος]
965 1808 1052 1839 om.
1147 1798 1173 1837 8
1204 1793 1259 1851 τῇ
1295 1796 1395 1836 ZA.
1459 1793 1534 1847 ἴση
1567 1787 1682 1850 ἄρα]
1709 1789 1802 1849 ἄρα

116 1861 190 1918 ἴση
239 1858 335 1907 ἐστὶ
382 1859 436 1918 τῇ
479 1863 565 1904 ZA
711 1864 762 1903 11
813 1861 1133 1917 συμπίπτωσιν
1278 1863 1332 1902 22
1371 1858 1477 1916 ΖΘ]
1518 1860 1603 1902 ΘΖ
1747 1862 1804 1901 23

233 2011 278 2052 p.
312 2001 418 2050 260,
462 1998 484 2036 1
518 1994 595 2053 τῇ]
630 1990 708 2038 διὰ
746 1993 832 2037 τοῦ
869 1997 916 2036 Χ
950 1994 1006 2050 τῇ
1105 1997 1130 2036 2
1171 1991 1274 2049 καί]
1307 1991 1387 2035 καὶ
1427 1987 1536 2035 ἐπεί
1630 1994 1658 2032 4
1693 1991 1803 2048 ΓΕ]

116 2063 212 2105 ΕΓ
306 2068 330 2107 ’7
373 2060 478 2120 μέν]
514 2075 603 2105 om.
703 2060 809 2117 ZE]
843 2062 926 2102 EZ
1027 2064 1053 2103 8
1086 2055 1165 2103 διὰ
1205 2057 1366 2115 τοῦτο]
1398 2054 1426 2112 ἡ
1471 2058 1554 2101 ΘΖ
1585 2052 1680 2114 ἄρα
1770 2054 1800 2111 ἡ

118 2127 225 2186 ΖΘ]
257 2142 347 2173 om.
456 2133 481 2172 9
525 2126 640 2184 ΗΘ]
678 2127 778 2169 ΘΗ
874 2131 928 2169 10
969 2125 1074 2182 ΖΘ]
1108 2127 1193 2167 ΕΖ
1293 2127 1346 2167 19
1387 2119 1463 2180 τό]
1498 2136 1586 2167 om.
1686 2127 1741 2166 22
1773 2118 1802 2177 ἡ

23 2177 26 2179 ’
116 2188 209 2250 ἄρα
241 2219 296 2245 ÷
329 2200 385 2239 23
427 2193 544 2250 EX]
580 2207 667 2237 om.
776 2196 832 2236 24
870 2192 951 2247 τῆς
993 2190 1107 2248 ΘΚ]
1140 2190 1233 2244 bis,
1281 2190 1361 2233 sed
1401 2202 1515 2234 corr.
1615 2192 1670 2232 25
1711 2190 1809 2231 EX

21 2263 28 2293 ἶ
118 2285 174 2292 -
199 2265 255 2304 26
287 2261 364 2319 τῇ]
398 2274 485 2305 om.
579 2263 633 2304 27
668 2253 784 2315 ὅπερ
817 2254 1016 2316 ἄτοπον]
1050 2271 1140 2301 om.

236 2349 280 2390 p.
314 2338 419 2391 262,
458 2338 487 2377 4
524 2329 874 2389 ἀντικειμέναις
911 2327 1032 2375 κατὰ
1081 2329 1301 2386 συζυγίαν
1399 2332 1454 2371 14
1485 2326 1560 2386 τό]
1594 2325 1708 2371 ἔστω
1752 2324 1804 2371 τό

181 2396 317 2457 ἔστω]
344 2412 433 2446 om.
520 2403 575 2443 15
606 2399 715 2456 καί]
740 2401 821 2442 καὶ
854 2393 933 2441 διὰ
966 2397 1050 2441 τοῦ
1082 2400 1130 2439 Χ
1207 2391 1498 2451 παράλληλος
1527 2391 1663 2450 ἤχθω
1752 2397 1807 2436 16

123 2465 241 2523 ΘΗ]
288 2468 385 2510 ΗΘ
509 2470 563 2509 18
610 2462 780 2522 ὁμοίως
812 2489 867 2496 -
903 2467 956 2507 19
1004 2460 1265 2519 διάμετροι]
1310 2474 1399 2505 om.
1521 2464 1577 2503 28
1624 2456 1674 2517 ἡ]
1720 2456 1808 2503 δύο

120 2527 311 2575 εὐθεῖαι
343 2528 372 2587 ἡ

238 2612 283 2654 p.
317 2602 418 2653 264,
451 2601 477 2641 5
509 2593 565 2642 τὰ
599 2599 653 2653 Ε,
687 2600 721 2639 Ζ
753 2595 892 2653 καί]
879 2610 927 2638 1n
958 2608 1046 2638 raS.
1140 2596 1225 2637 ZE
1256 2593 1342 2651 τῷ]
1367 2595 1452 2636 ΕΖ
1483 2588 1603 2636 κατὰ
1634 2588 1686 2634 τό
1782 2594 1807 2634 7

32 2723 34 2725 ‚
119 2664 238 2721 XH]
274 2667 375 2706 HX
464 2668 515 2706 11
549 2659 600 2720 ἡ]
635 2659 758 2706 ἔστιν
791 2658 820 2718 ἡ
914 2665 968 2704 13
1000 2661 1057 2718 Α]
1083 2664 1119 2703 Α
1151 2676 1244 2716 αρα
1338 2664 1392 2703 16
1425 2654 1584 2703 ε’πί-
1612 2661 1665 2701 17
1699 2655 1807 2712 XA]

121 2731 210 2772 XA
250 2725 579 2785 ἔπιζεύγνυται
619 2725 696 2773 ἐπὶ
727 2724 812 2783 τὴν
838 2724 971 2783 ἁφήν
1066 2731 1118 2770 17
1151 2741 1281 2782 παρα
1313 2750 1370 2758 —
1405 2724 1514 2781 ΓΧ]
1549 2725 1643 2765 ΧΓ
1669 2714 1810 2776 ἧπται

121 2809 251 2850 παρα
282 2792 367 2850 τὴν
400 2790 734 2851 ἐφαπτομένην
820 2797 873 2837 18
905 2796 1006 2849 ΧΑ,
1034 2791 1142 2848 ΓΧ]
1168 2795 1270 2848 ΑΧ,
1293 2794 1390 2833 ΧΓ
1478 2793 1531 2832 22
1564 2802 1657 2844 mg.
1691 2782 1810 2830 ἄνα-

120 2863 248 2911 λυσις
339 2866 393 2905 27
426 2865 529 2915 ΒΔ,
562 2859 669 2917 ΕΑ]
701 2862 802 2914 ΑΕ,
833 2863 922 2903 ΒΛ

240 2941 287 2983 Ρ.
320 2931 422 2983 266,
457 2931 478 2970 1
511 2940 604 2982 mg.
638 2922 859 2976 σύνθεσις
944 2928 997 2968 12
1022 2920 1293 2980 ὑπόκειται]
1318 2917 1567 2965 and-aenou
1594 2914 1811 2965 ἐνταῦθα
