2046 3224
708 151 1171 195 PROLEGOMENA.
1679 151 1787 196 XIX

106 266 231 314 ἕκ-
267 281 379 324 om.,
412 263 467 313 οὗ
500 269 716 312 διακα-
751 282 863 319 om.,
894 283 940 325 p.
973 274 1014 325 2,
1049 273 1103 313 16
1137 266 1198 320 ὣς
1230 266 1425 326 ἔσχατον
1457 271 1566 326 om.)
1597 270 1789 326 propter

104 334 288 379 litteras
318 333 369 378 in
399 333 441 378 V
474 333 693 389 detritas,
740 347 856 390 quae
896 334 944 377 in
983 334 1326 390 antiquioribus
1367 335 1650 392 apographis
1691 336 1787 380 eius

106 402 320 446 seruatae
353 401 472 445 sunt.
518 400 567 444 in
600 400 701 445 cod.
735 406 760 446 6
792 402 983 457 propter
1014 400 1198 446 litteras
1227 401 1470 457 paululum
1502 401 1786 445 deformatas

106 467 153 512 in
177 466 220 511 V
250 481 336 524 pro
368 467 546 523 κρίνειν
577 481 622 523 p.
647 471 691 522 4,
716 472 770 512 27
806 466 1033 523 scriptum
1059 468 1130 511 est
1159 468 1384 522 κρίπτειν.
1433 468 1629 512 eundem
1663 480 1785 512 erro-

103 547 202 578 rem
233 531 408 577 habent
439 532 571 577 codd.
608 538 684 587 17,
719 537 795 589 18,
828 537 907 588 22,
949 532 1031 589 qui
1063 547 1117 577 ea
1148 546 1196 576 re
1230 548 1258 577 a
1289 534 1389 578 cod.
1423 539 1448 578 6
1480 534 1682 592 pendere
1715 547 1785 576 ar-

15 615 18 618 ⁴
102 601 319 656 guantur.
379 600 624 655 praeterea
654 599 753 645 cod.
781 604 836 644 22
871 600 918 644 et
940 614 981 656 p.
1010 604 1052 655 2,
1080 604 1251 644 15-16
1286 600 1472 644 easdem
1504 599 1693 645 lacunas
1728 608 1852 642 Berol.
1869 609 1955 643 1515

102 665 247 710 habet
288 667 336 710 et
372 665 517 710 uerba
554 680 599 722 p.
634 670 676 720 8,
708 668 762 709 12
797 659 862 710 ὧν
893 690 949 698 —-
985 670 1038 710 13
1071 661 1211 724 ἑτέρᾳ
1250 679 1354 709 cum
1389 667 1488 711 cod.
1524 672 1548 711 6
1582 666 1681 710 solo
1713 667 1785 711 bis

104 731 304 789 scripsit.
368 732 416 775 et
456 745 558 775 eum
598 731 662 776 sit
692 732 1117 788 Meermannianus,
1155 745 1239 788 per
1278 732 1585 808 complurium
1621 747 1784 777 manus

103 811 128 842 e
160 797 446 843 bibliotheca
476 797 713 854 profectus
747 799 816 843 est
847 797 1089 842 Guillelmi
1119 797 1351 854 Pellicier‚
1385 799 1464 855 qui
1497 812 1655 843 omnes
1687 799 1784 843 fere

102 863 283 909 codices
325 877 430 909 suos
469 863 680 908 Uenetiis
720 863 1050 909 describendos
1089 865 1345 908 ουτειυθτιή.
1410 864 1551 908 etiam
1591 865 1690 909 eod.
1726 870 1958 910 17u1nd0b

102 931 288 974 easdem
321 931 510 974 lacunas
541 930 647 973 illas
678 930 834 985 habet,
868 931 948 974 sed
981 930 1189 987 expletas
1223 944 1252 973 a
1275 944 1416 974 manu
1439 931 1629 987 recenti,
1664 945 1781 987 quae
1797 919 1920 959 'UPPL
1936 921 1955 950 9

107 996 270 1042 eadem
310 997 519 1052 κρίπτειν
559 996 608 1040 in
646 998 823 1051 κρίνειν
871 996 1072 1041 correxit
1118 998 1166 1041 et
1211 996 1327 1041 alias
1374 995 1664 1042 coniecturas
1704 998 1784 1041 ad-

102 1062 329 1120 scripsit,
355 1063 486 1106 uelut
524 1077 569 1119 p.
602 1067 644 1118 4,
679 1067 732 1106 10
763 1060 1033 1121 παράδοξα]
1065 1078 1158 1120 mg.
1191 1068 1417 1120 παντοῖα,
1462 1078 1507 1120 p.
1540 1068 1582 1121 4,
1618 1069 1670 1108 12
1703 1065 1785 1108 καὶ

100 1128 341 1187 κάλλιστα]
381 1143 473 1185 mg.
506 1127 626 1172 καλὰ
659 1130 762 1184 καί,
809 1145 852 1186 p.
885 1133 936 1184 4,
969 1134 1023 1172 21
1066 1128 1397 1188 συμβάλλουσι]
1437 1131 1550 1174 mut.
1583 1129 1631 1174 in
1671 1145 1783 1187 συμ-

101 1192 280 1253 βάλλει,
319 1209 412 1251 mg.
445 1194 525 1238 καὶ
557 1191 794 1252 αντικείεμ
800 1212 879 1239 ναι
911 1192 1019 1239 ἄντ’
1023 1195 1261 1251 κειμέναις
1299 1192 1422 1239 κατὰ
1455 1194 1580 1240 πόσα
1613 1203 1783 1253 σημεια

101 1259 432 1319 συμβάλλουσι;
482 1259 580 1304 sine
620 1261 760 1306 dubio
800 1260 945 1318 ipsius
984 1261 1210 1305 Bullialdi
1250 1264 1331 1306 est
1411 1262 1535 1306 hunc
1575 1262 1782 1307 codicem

102 1325 310 1372 Uenetiis
345 1326 570 1383 scriptum
605 1340 715 1382 esse,
750 1327 901 1382 docet,
936 1328 1060 1382 quod
1091 1328 1332 1383 problema
1362 1327 1480 1371 illud
1514 1328 1569 1373 de
1602 1328 1781 1372 duabus

102 1392 269 1436 mediis
307 1392 734 1449 proportionalibus
775 1406 799 1437 e
831 1392 972 1438 Marc.
1007 1398 1091 1437 301
1127 1392 1338 1449 sumpsit.
1403 1393 1562 1437 Sereni
1593 1393 1781 1439 libellus

101 1459 160 1504 de
187 1458 391 1504 sectione
415 1458 520 1503 coni
543 1459 661 1503 falso
686 1458 957 1503 inscribitur
989 1457 1203 1520 Σερήνου
1230 1457 1492 1510 Ἀπινσέως
1517 1457 1780 1516 φιλοσόφου

97 1524 204 1581 περὶ
257 1522 411 1569 κώνου
467 1525 609 1581 τομῆς
657 1523 718 1583 β’,
774 1524 885 1580 quia
936 1525 986 1569 in
1032 1525 1131 1569 cod.
1174 1530 1222 1579 6,
1285 1525 1366 1569 ubi
1419 1525 1662 1582 inscriptio
1710 1527 1782 1570 est

98 1590 206 1646 περὶ
236 1592 485 1648 κυλίνδρου
517 1591 660 1647 τομῆς
692 1589 756 1649 β’,
798 1605 938 1648 supra
970 1593 1221 1648 κυλίνδρου
1263 1591 1489 1648 scriptum
1521 1592 1595 1636 est
1625 1588 1779 1636 κώνου

97 1669 288 1701 numero
323 1656 368 1715 β’
403 1658 526 1701 recte
567 1657 743 1713 deleto,
793 1657 919 1713 quod
956 1671 1047 1702 non
1090 1656 1424 1702 animaduertit
1453 1657 1670 1702 librarius
1702 1671 1776 1702 co-

98 1722 215 1767 dicis
256 1726 324 1767 17.
404 1722 503 1767 cod.
538 1726 592 1767 18
631 1722 822 1767 lacunas
862 1723 1006 1768 habet
1043 1724 1204 1780 postea
1243 1723 1474 1779 expletas3
1524 1737 1685 1768 uersus
1738 1732 1885 1767 Monac.
1911 1735 1952 1767 ‘16

98 1789 237 1833 finem
269 1788 421 1833 libelli
459 1788 516 1833 de
553 1789 757 1834 sectione
797 1789 996 1845 cylindri
1032 1789 1197 1834 habet:
1244 1785 1490 1845 ,,ἒνταῦθα
1535 1792 1674 1833 δοκεῖ
1706 1786 1780 1834 ἐκ-

98 1857 277 1900 λείπειν
317 1854 397 1899 καὶ
437 1851 498 1912 μὴ
540 1851 827 1900 ἀκολουθεῖν
866 1852 917 1899 τὸ
960 1851 1207 1912 ἑπόμενον.
1270 1855 1336 1900 sio
1374 1854 1559 1900 videtur
1598 1855 1778 1911 aliquid

99 1922 303 1976 deesse“,
344 1934 462 1977 quae
502 1920 646 1965 uerba
684 1922 761 1965 hic
795 1921 844 1964 in
877 1921 974 1966 cod.
1010 1926 1035 1965 6
1068 1920 1316 1978 adscripsit
1346 1922 1589 1966 Bessarion
1620 1918 1777 1978 (ἐλλεί·

97 2003 205 2032 πειν
228 2000 311 2044 pro
337 1982 584 2043 ἐκλείπειν,
617 1987 707 2031 hic
731 1987 918 2032 videtur
946 1986 1124 2043 aliquid
1148 1987 1421 2043 deficere;
1447 1987 1616 2032 Latina
1633 1989 1777 2032 etiam

100 2052 202 2099 cod.
227 2058 282 2097 22
315 2053 403 2098 hoc
434 2051 538 2097 loco
570 2052 714 2098 habet
743 2067 931 2110 prorsus
963 2055 1017 2097 ut
1039 2054 1320 2110 Bessarion);
1353 2054 1401 2098 in
1431 2053 1521 2098 fine
1544 2053 1695 2098 libelli
1720 2054 1776 2097 de

97 2119 300 2164 sectione
341 2119 446 2163 coni
486 2119 666 2163 addidit
695 2119 746 2162 in
778 2119 879 2164 cod.
907 2125 932 2164 6
962 2119 1229 2164 Bessarion·
1270 2115 1355 2177 οὐχ
1389 2115 1581 2176 εὕρηται
1611 2118 1775 2174 πλέον;

97 2185 260 2230 eadem
293 2185 456 2229 eodem
488 2184 592 2231 loco
624 2186 800 2230 habent
831 2186 962 2230 codd.
997 2190 1052 2230 18
1086 2188 1133 2229 et
1164 2191 1233 2229 22.

212 2253 455 2308 praeterea
487 2266 510 2295 e
544 2251 645 2296 cod.
673 2257 696 2296 6
731 2252 927 2308 descrip
921 2267 990 2296 us
1024 2254 1095 2296 est
1127 2251 1227 2296 cod.
1256 2257 1330 2306 103
1363 2265 1472 2295 nam
1505 2254 1552 2296 et
1582 2252 1772 2296 lacunas
1790 2260 1881 2294 Scor
1883 2261 1945 2295 ial.

98 2333 142 2375 p.
170 2322 212 2374 2,
239 2322 351 2362 15-
358 2323 411 2361 16
437 2317 578 2362 habet
609 2320 656 2362 et
679 2320 786 2375 post
811 2319 1030 2363 Serenum
1056 2323 1192 2363 notas
1216 2317 1506 2363 Bessarionis
1538 2314 1773 2374 (ἐνταυθα
1782 2306 1949 2338 Χ“Ῑ-7

99 2386 238 2430 δοκεῖ
270 2383 472 2429 ελλείποι
510 2384 590 2429 καὶ
633 2384 693 2442 μὴ
733 2381 1020 2429 ακολουθεῐν
1059 2382 1112 2429 τὸ
1155 2381 1409 2442 ἑπόμενον,
1457 2381 1542 2440 οὐχ
1583 2379 1774 2440 εὕρηται

98 2449 273 2506 πλέον).
320 2452 368 2495 et
392 2451 529 2508 Diegi
553 2452 610 2495 de
635 2452 859 2496 Mendoza
882 2451 973 2496 fuit
998 2450 1170 2509 (Graux
1195 2451 1348 2495 Fonds
1375 2450 1492 2495 Grec
1517 2450 1559 2493 d'
1564 2449 1775 2494 Escurial

95 2530 142 2572 p
167 2519 285 2572 268),
318 2530 456 2572 quem
490 2519 672 2562 constat
702 2518 1032 2562 bibliothecam
1062 2531 1192 2561 suam
1217 2516 1499 2574 apographis
1524 2515 1772 2560 Marcianis

94 2582 372 2638 impleuisse.

212 2663 460 2705 pergamus
491 2648 542 2692 in
564 2647 822 2706 propagine
847 2648 1020 2694 codicis
1044 2649 1082 2693 V
1115 2649 1438 2692 enumeranda.
1486 2647 1583 2692 cod.
1612 2651 1684 2703 16,
1694 2655 1783 2687 Pari
1786 2665 1812 2688 s.
1823 2656 1946 2694 suppl.

98 2728 199 2758 cum
231 2729 276 2770 p.
310 2719 352 2769 2,
386 2718 439 2758 15
470 2711 587 2770 πρὸς
619 2713 769 2774 ἔκπλῳ
803 2716 850 2758 et
882 2711 936 2759 οὗ
969 2717 1132 2759 διακα-
1142 2748 1155 2769 ,
1197 2729 1240 2770 p.
1276 2718 1405 2769 2,17
1441 2712 1634 2770 ἔσχατον
1667 2708 1768 2756 ἐπε·
1788 2707 1842 2740 3¹⁸·
1860 2701 1924 2732 451

0 2786 9 2802 '·
94 2782 257 2836 postea
285 2780 335 2824 in
367 2780 518 2837 spatio
549 2793 696 2824 uacuo
728 2781 905 2824 inserta
934 2781 1120 2835 habeat,
1152 2793 1339 2824 necesse
1372 2781 1441 2824 est
1470 2792 1493 2822 e
1518 2779 1573 2834 V,
1605 2779 1654 2822 in
1678 2791 1769 2833 quo

95 2846 280 2891 litterae
321 2846 430 2890 illae
470 2848 776 2902 euanuerunt‚
822 2845 1048 2903 originem
1087 2846 1253 2890 ducere
1294 2845 1392 2889 siue
1424 2844 1526 2901 ipso
1560 2845 1658 2888 siue
1689 2858 1772 2901 per

98 2911 429 2969 apographum.
491 2913 548 2956 de
581 2912 681 2957 cod.
715 2918 740 2957 6
772 2912 1047 2956 intermedio
1089 2910 1286 2968 cogitari
1325 2925 1417 2955 non
1447 2912 1625 2967 potest,
1663 2909 1774 2966 quia

1445 2983 1509 3025 b*
