2046 3256
836 674 1087 729 Conica.

233 793 278 845 1.
318 791 534 861 Pappus
573 791 701 861 VII,
741 793 812 845 30
851 811 899 861 p.
943 793 1050 845 672
1092 811 1166 862 sq.
1207 794 1284 846 ed.
1323 793 1579 847 Hultseh:

753 924 1074 978 Κωνικῶν
1112 927 1162 994 ἧ.

233 1024 310 1079 Τὰ
342 1023 653 1081 Εὐκλείδου
692 1029 880 1096 βιβλία
912 1015 946 1080 δ
980 1029 1236 1110 κωνικῶν
1264 1025 1632 1092 Ἀπολλώνιος
1666 1025 1798 1083 ἄνα-

28 1146 29 1151 =
115 1112 407 1185 πληρώσας
445 1114 536 1168 καὶ
573 1113 842 1185 προσθεὶς
873 1114 1029 1186 ἕτερα
1063 1117 1096 1168 δ
1126 1115 1447 1186 παρέδωκεν
1478 1119 1512 1185 ἦ
1545 1119 1799 1172 κωνικῶν

118 1200 295 1273 τεύχη.
367 1199 674 1275 Ἀρισταῖος
714 1204 801 1271 δέ,
843 1200 904 1267 ὅς
941 1202 1144 1275 γράφει
1185 1205 1344 1275 μέχρι
1382 1206 1483 1259 τοῦ
1522 1213 1631 1259 νῦν
1671 1202 1800 1260 οἰνα-

24 1318 29 1330 ν·
117 1289 386 1361 διδόμενα
419 1292 657 1362 στερεῶν
689 1289 875 1345 τόπων
906 1290 1070 1362 τεύχη
1101 1300 1129 1346 ἒ
1155 1294 1360 1363 συνεχῆ
1385 1304 1502 1357 τοῖς
1524 1303 1800 1363 κωνικοῖς,

20 1396 26 1402 ··
115 1377 296 1455 ἐκάλει
313 1379 491 1433 -καὶ
529 1381 587 1434 οἱ
606 1379 712 1450 πρὸ
734 1376 1111 1435 Ἀπολλωνίου
1133 1413 1193 1421 -
1215 1383 1327 1435 τῶν
1351 1383 1522 1451 τριῶν
1545 1383 1801 1435 κωνικῶν

93 1474 380 1537 γραμμῶν
414 1465 517 1537 τὴν
549 1466 651 1537 μὲν
684 1466 1013 1537 ὀξυγωνίου,
1052 1468 1153 1539 τὴν
1187 1466 1249 1522 δὲ
1282 1466 1659 1537 ὀρθογωνίου,
1698 1468 1799 1540 τὴν

19 1612 29 1619 t
116 1554 177 1609 δὲ
216 1554 610 1625 ἀμβλυγωνιόυ
647 1554 835 1610 κώνου
869 1556 1060 1626 τομήν.
1123 1555 1238 1611 ἐπεὶ
1271 1552 1317 1608 δ’
1355 1557 1416 1610 ἐν
1450 1555 1656 1629 ἑκάστῳ
1688 1560 1799 1612 τῶν

114 1645 285 1714 τριῶν
351 1642 566 1698 τούτων
626 1641 826 1698 κώνων
889 1643 1173 1717 διαφόρως
1232 1644 1586 1715 τεμνομένων
1649 1647 1711 1699 αἱ
1766 1650 1800 1715 γ

115 1734 369 1800 γίνονται
407 1737 672 1802 γραμμαί,
714 1731 1074 1803 διαπορήσας,
1116 1730 1189 1797 ὡς
1226 1737 1498 1803 φαίνεται,
1532 1730 1800 1788 Ἀπολλώ-

115 1838 251 1888 νιος,
289 1823 348 1873 τί
382 1818 585 1889 δήποτε
626 1817 1120 1892 ἀποκληρώσαντες
1160 1823 1218 1875 οἱ
1243 1819 1350 1890 πρὸ
1384 1818 1558 1875 αὐτοῦ
1594 1817 1665 1891 ἢν
1698 1820 1799 1891 μὲν

118 1905 355 1962 ἐκάλουν
389 1905 700 1977 ὀξυγωνίου
731 1906 920 1963 κώνου
950 1906 1126 1979 τομὴν
1159 1908 1482 1979 δυναμένην
1514 1909 1607 1963 καὶ
1633 1905 1799 1980 ὀρθο-

114 1998 324 2062 γωνίου
375 1995 465 2049 καὶ
521 1994 916 2066 ἆμβλυγωνίου
970 1993 1140 2066 εἶναι,
1202 1993 1274 2067 ἣν
1333 1995 1395 2051 δὲ
1443 1994 1799 2068 ὀρθογωνίου

115 2078 258 2137 εἶναι
305 2083 624 2153 δυναμένην
673 2082 984 2153 ὀξυγωνίου
1032 2106 1090 2139 τε
1127 2084 1220 2139 καὶ
1259 2082 1680 2155 ἀμβλυγωνίου,
1727 2082 1798 2155 ἣν

31 2175 33 2178 ’
117 2167 178 2223 δὲ
230 2167 625 2241 ἄμβλυγωνίου
681 2172 999 2242 δυναμένην
1055 2169 1200 2227 εἶναι
1248 2172 1559 2242 ὀξυγωνίου
1604 2194 1661 2226 τε
1705 2173 1798 2227 καὶ

118 2255 490 2327 ὀρθογωνίου,
530 2259 786 2329 μεταθεὶς
824 2257 889 2314 τὰ
931 2257 1177 2330 ὀνόματα
1214 2266 1374 2314 καλεῖ
1407 2257 1509 2329 τὴν
1545 2259 1647 2330 μὲν
1679 2258 1797 2325 ὀξυ-

114 2349 326 2412 γωνίου
393 2348 743 2417 καλουμένην
806 2350 1084 2417 ἔλλειψιν,
1151 2346 1254 2418 τὴν
1317 2347 1378 2402 δὲ
1440 2346 1798 2418 ὀρθογωνίου

19 2434 23 2437 ’
114 2432 462 2504 παραβολήν,
505 2432 607 2504 τὴν
650 2434 711 2489 δὲ
749 2433 1145 2505 ἄμβλυγωνίου
1183 2433 1521 2506 ὑπερβολήν,
1562 2435 1796 2506 ἑκάστην

118 2515 169 2571 δ’
214 2517 322 2574 ἀπό
351 2541 504 2586 τινος
536 2525 687 2577 ἰδίου
719 2521 1149 2593 συμβεβηκότος·
1191 2527 1399 2594 χωρίον
1430 2522 1536 2593 γάρ
1567 2523 1796 2593 τκπαρά

116 2625 241 2660 τινα
285 2608 547 2679 γραμμὴν
594 2609 1092 2681 παραβαλλόμενον
1141 2613 1200 2666 ἐν
1239 2610 1341 2682 μὲν
1380 2614 1446 2682 τῇ
1487 2611 1797 2680 ὀξυγωνίου

114 2692 300 2749 κώνου
353 2699 493 2768 τομῇ
550 2699 802 2753 ἐλλεῖπον
849 2702 1060 2767 γίνεται
1104 2698 1458 2772 τετραγώνῳ,
1514 2699 1573 2752 ἐν
1622 2697 1683 2752 δὲ
1728 2700 1793 2769 τῇ

240 2846 280 2885 6.
327 2841 537 2898 γέγραφε
576 2843 790 2888 Hultsch.
963 2843 1117 2902 μέχρι]
1166 2841 1222 2888 τὰ
1272 2842 1406 2900 μέχρι
1453 2842 1652 2887 Hul‘csch
1690 2857 1796 2886 cum

122 2895 313 2944 Halleio.
421 2904 462 2944 8.
495 2899 576 2944 καὶ
607 2899 656 2945 οἷ
682 2900 771 2959 πρὸ
795 2899 1116 2961 Ἀπολλωνίου]
1150 2904 1239 2946 del.
1267 2901 1479 2945 Hultsch.
1596 2906 1666 2945 21.
1700 2899 1794 2946 ἀπό

119 2954 196 2998 uel
227 2953 272 3012 γ’
300 2953 394 3001 ἀπό
427 2958 641 3004 Hultsch.

1833 1570 1888 1611 10

1834 2009 1885 2049 15

1829 2448 1887 2488 20
