2020 3236
861 745 977 807 Εἰς
1015 763 1085 798 το
1127 745 1366 814 τρίτον.

382 858 457 916 Τὸ
497 864 687 933 τρίτον
726 867 840 917 τῶν
873 862 1168 931 Κωνικῶν,
1210 854 1254 915 ῶ
1295 861 1527 932 φίλτατέ
1560 882 1655 932 μοι
1689 851 1965 933 ἈνθεῙμιε,

264 955 475 1020 πολλῆς
514 948 617 1021 μὲν
659 951 963 1021 φροντίδος
1001 945 1111 1003 ὑπὸ
1149 956 1264 1004 τῶν
1303 951 1555 1004 παλαιῶν
1593 946 1845 1021 ἠξίωται,
1891 947 1966 1017 ῶς

264 1041 326 1093 αἱ
345 1040 689 1108 πολύτροποι
714 1035 890 1093 αὐτοῦ
916 1036 1166 1103 ἐκδόσεις
1192 1040 1482 1109 δηλοῦσιν,
1509 1037 1638 1094 οὔτε
1663 1038 1726 1094 δὲ
1749 1040 1964 1096 ἐπιστο-

202 1133 229 1173 5
263 1124 369 1197 λὴν
425 1130 534 1200 ἔχει
588 1127 1116 1199 προγεγραμμένην,
1174 1127 1428 1199 καθάπερ
1483 1125 1550 1182 τὰ
1605 1125 1772 1199 ἄλλα,
1829 1125 1964 1184 οὐδὲ

262 1213 458 1286 σχόλια
497 1219 576 1281 εἰς
616 1212 753 1271 αὐτὸ
787 1212 914 1282 ἄξια
944 1213 1122 1286 λόγου
1153 1217 1268 1271 τῶν
1299 1213 1419 1288 πρὸ·
1439 1214 1602 1286 ἡμῶν
1633 1212 1964 1287 εὑρίσκεται,

259 1307 440 1359 καίτοι
493 1307 609 1360 τῶν
666 1305 727 1359 ἐν
775 1302 924 1377 αὐτῷ
971 1300 1147 1370 ἀξίων
1193 1303 1376 1359 ὄντων
1422 1305 1693 1374 θεωρίας,
1750 1300 1824 1370 ῶς
1868 1304 1963 1360 καὶ

260 1389 429 1458 αὐτὸς
455 1389 827 1457 Ἀπολλῶνιος
859 1393 921 1447 ἐν
952 1394 1029 1466 τῷ
1060 1395 1337 1467 προοιμίῳ
1369 1394 1471 1447 τοῦ
1501 1395 1708 1458 παντὸς
1738 1395 1963 1463 βιβλίου

259 1485 450 1551 φησίν.
519 1469 702 1536 πάντα
742 1480 805 1536 δὲ
842 1476 944 1551 ὑφ’
990 1477 1150 1551 ἡμῶν
1192 1483 1384 1551 σαφῶς
1423 1484 1666 1536 ἔκκειταί
1699 1496 1789 1536 σοι
1822 1484 1962 1537 δεικ-

172 1577 227 1617 10
260 1568 477 1640 νύμενα
532 1567 626 1624 διὰ
679 1576 795 1625 τῶν
849 1567 1253 1641 προλαβόντων
1304 1573 1539 1640 βιβλίων
1586 1569 1678 1625 καὶ
1724 1573 1837 1626 τῶν
1884 1574 1964 1636 εἰς

259 1654 400 1714 αὐτὰ
435 1662 692 1730 σχολίων.

945 1765 1062 1827 Εἰς
1100 1760 1170 1817 τὸ
1212 1761 1283 1818 α’.

352 1863 511 1920 ’Ἐστι
554 1863 616 1918 δὲ
648 1863 741 1918 καὶ
782 1862 921 1935 ἄλλη
961 1862 1257 1930 ἀπόδειξις.

369 1952 457 2008 ἐπὶ
505 1951 607 2023 μὲν
653 1955 752 2023 τῆς
789 1954 1135 2025 παραβολῆς,
1185 1953 1374 2023 ἐπειδὴ
1417 1950 1716 2025 ἐφάπτεται
1755 1951 1789 2024 ἡ
1832 1957 1957 2023 ΑΓ,

169 2051 223 2090 15
256 2041 344 2096 καὶ
391 2043 658 2111 κατῆκται
705 2037 739 2111 ἡ
783 2046 913 2112 ΑΖ,
965 2047 1056 2112 ἴση
1106 2041 1260 2096 ἐστὶν
1297 2038 1332 2112 ἡ
1371 2045 1474 2096 ΓΒ
1513 2043 1580 2114 τῇ
1622 2046 1741 2096 ΒΖ.
1817 2038 1958 2095 ἀλλὰ

166 2178 176 2184 .
254 2128 289 2200 ἡ
330 2134 434 2185 ΒΖ
472 2137 538 2202 τῇ
581 2135 703 2183 ΑΔ
741 2135 854 2200 ἴση·
905 2128 996 2185 καὶ
1036 2128 1071 2199 ἡ
1114 2135 1234 2184 ΑΛ
1272 2127 1382 2202 ἄρα
1419 2137 1485 2202 τῇ
1520 2134 1623 2184 ΓΒ
1664 2135 1772 2201 ἴση.
1841 2133 1958 2185 ἔστι

257 2218 318 2274 δὲ
351 2216 491 2290 αὐτῇ
522 2217 615 2272 καὶ
646 2216 1021 2291 παράλληλος·
1054 2223 1181 2273 ἴσον
1218 2215 1327 2289 ἄρα
1349 2217 1441 2272 καὶ
1468 2215 1667 2287 ὅμοιον
1692 2220 1753 2273 τὸ
1780 2221 1962 2272 ΑΔΕ

176 2299 184 2305 ’
252 2310 534 2378 τρίγωνον
571 2309 646 2382 τῷ
687 2310 853 2361 ΓΒΕ
886 2305 1156 2380 τριγώνῳ.

366 2395 454 2450 ἐπὶ
503 2394 565 2449 δὲ
610 2397 723 2449 τῶν
769 2396 984 2449 λοιπῶν
1031 2396 1459 2465 ἐπιζευχθεισῶν
1506 2396 1619 2449 τῶν
1669 2399 1804 2463 ΑΒ,
1845 2397 1955 2448 ΓΛ

164 2493 222 2533 20
254 2483 501 2539 λεκτέον·

365 2573 487 2626 ε’πεί
513 2572 682 2640 ἐστιν,
716 2567 791 2635 ῶς
821 2571 855 2643 ἡ
881 2575 994 2625 ΖΗ
1023 2574 1159 2642 πρὸς
1182 2576 1316 2641 ΗΒ,
1348 2569 1382 2642 ἡ
1410 2576 1534 2625 ΒΗ
1555 2575 1693 2643 πρὸς
1717 2577 1846 2642 ΗΓ,
1879 2570 1955 2638 ῶς

254 2659 316 2714 δὲ
347 2657 381 2729 ἡ
409 2665 521 2714 ΖΗ
543 2658 683 2729 πρὸς
707 2657 904 2738 ΗΒ,Αὴ
930 2665 1057 2714 AH
1073 2662 1211 2730 πρὸς
1235 2664 1376 2713 ΗΔ·
1410 2659 1761 2731 παράλληλος
1783 2661 1891 2732 γὰρ
1916 2658 1952 2732 ἡ

375 2811 413 2851 1.
448 2802 682 2850 Εὖτοκίου
711 2803 1044 2850 Ἀσκαλωνίτου
1079 2804 1146 2857 εἰς
1175 2803 1228 2850 τὸ
1262 2810 1292 2863 γ
1325 2807 1498 2862 (τρίτον
1529 2809 1579 2862 p)
1613 2807 1706 2850 τῶν
1733 2802 1949 2851 Danaum·

254 2866 360 2909 νιόυ
393 2869 611 2909 κωνικῶν
642 2869 726 2921 τῆς
756 2861 863 2909 κατ’
890 2862 1038 2909 αὐτὸν
1074 2861 1307 2916 ἐκδόσεως
1339 2867 1382 2921 (o
1416 2879 1530 2909 corr.
1563 2878 1620 2909 ex
1652 2882 1687 2909 ω
1722 2865 1798 2921 W)
1830 2862 1949 2910 ὑπό-

252 2941 411 2981 μνημα
436 2925 548 2980 Wp.
675 2929 714 2968 6.
748 2919 861 2978 ἄξια
883 2922 1047 2981 λόγου]
1083 2923 1260 2980 scripsi,
1294 2919 1544 2980 ἀξιολόγου
1574 2924 1692 2982 Wp,
1723 2920 1948 2982 ἀξιόλογα
