2046 3256
247 138 352 191 108
903 139 1287 184 FRAGMENTA.

242 255 417 327 λόγον
459 254 691 328 ἐχούσας
729 254 829 311 τὸν
868 253 1042 312 αὐτὸν
1081 259 1155 332 τῷ
1191 257 1436 313 δοθέντι.
1499 254 1692 322 τὰς’δὲ
1721 255 1941 330 γραφὰς

245 343 558 418 διαφόρους
611 345 880 415 γενέσθαι
932 345 1025 400 καὶ
1080 348 1300 416 πλῆθος
1347 349 1542 416 λαβεῖν
1590 347 1938 418 συμβέβηκεν
1978 416 1983 421 θ

243 431 678 506 ὑποδιαιρέσεως
722 434 1029 506 γενομένης
1076 436 1235 490 ἕνεκα
1282 437 1380 507 τῆς
1425 455 1485 490 τε
1522 433 1662 507 πρὸς
1700 431 1942 507 ἀλλήλας

244 524 457 588 θέσεως
510 525 622 578 τῶν
680 523 997 594 διδομένων
1052 521 1298 579 εὐθειῶν
1344 523 1439 578 καὶ
1486 526 1601 579 τῶν
1649 522 1943 595 διαφόρων

186 626 211 666 5
243 610 511 667 πτώσεων
540 613 643 667 τοῦ
676 611 983 683 διδομένου
1016 616 1248 683 σημείου
1279 612 1371 667 καὶ
1406 610 1501 667 διὰ
1526 610 1622 678 τὰς
1644 610 1944 678 ἀναλύσεις

242 700 335 755 καὶ
376 700 671 766 συνθέσεις
710 699 898 756 αὐτῶν
936 723 994 756 τε
1031 701 1125 756 καὶ
1164 704 1276 756 τῶν
1311 704 1636 773 διορισμοόν.
1697 704 1807 772 ἔχει
1837 698 1942 772 γὰρ

241 787 305 844 τὸ
353 811 456 860 μεν
502 792 727 862 πρῶτον
773 793 995 860 βιβλίον
1042 798 1155 846 τῶν
1207 789 1381 861 λόγου
1420 787 1702 861 ἀποτομῆς
1738 788 1945 855 τόπους

246 883 287 948 ζ,
326 877 562 943 πτώσεις
591 882 680 948 κδ,
714 877 1043 950 διορισμους
1074 878 1136 934 δε
1168 901 1213 948 ε,
1255 901 1335 934 ων
1365 892 1512 951 τρεῖς
1543 879 1646 950 μέν
1678 881 1821 934 εἰσιν
1853 879 1943 950 μέ·

244 982 445 1037 γιστοι,
474 965 580 1022 δύο
608 966 671 1023 δε
695 966 991 1039 ἐλάχιστοι,
1015 971 1114 1022 καί
1135 968 1249 1023 ἐστι
1274 968 1529 1039 μέγιστος
1552 989 1654 1039 μεν
1667 966 1818 1023 κατὰ
1839 966 1944 1040 τὴν

160 1071 215 1110 10
247 1059 441 1127 τρίτην
488 1059 701 1112 πτῶσιν
746 1058 851 1111 τοῦ
899 1056 945 1111 ε’
990 1054 1191 1126 τόπου,
1241 1055 1526 1128 ἐλάχιστος
1564 1055 1627 1112 δὲ
1664 1055 1803 1112 κατὰ
1840 1055 1946 1127 τὴν

198 1208 201 1210 ,
247 1145 515 1218 δευτέραν
571 1147 673 1200 τοῦ
720 1143 774 1203 ς’
823 1143 1002 1201 τόπου
1048 1144 1141 1199 καὶ
1187 1143 1325 1200 κατὰ
1372 1144 1478 1216 τὴν
1524 1142 1702 1216 αὐτὴν
1747 1147 1849 1200 τοῦ
1897 1146 1940 1212 ζ’

246 1233 448 1304 τόπου,
498 1234 746 1305 μέγιστοι
795 1234 857 1290 δε
907 1237 964 1289 oc
1005 1235 1143 1289 κατὰ
1182 1255 1280 1299 τας
1320 1232 1582 1306 τετάρτας
1617 1242 1721 1290 τοῦ
1759 1233 1812 1293 ς’
1850 1234 1944 1290 καὶ

243 1324 346 1377 τοῦ
397 1321 441 1389 ζ’
488 1322 679 1378 τόπου.
759 1321 822 1378 τὸ
865 1322 928 1378 δε
968 1321 1233 1394 δεύτερον
1273 1326 1495 1393 βιβλίον
1533 1322 1725 1393 λόγου
1747 1320 1942 1379 ἀποτο-

245 1413 353 1482 μῆς
391 1414 502 1483 ἔχει
540 1410 747 1476 τόπους
779 1414 854 1481 ιδ,
894 1429 1127 1477 πτωσεις
1160 1411 1221 1466 δε
1255 1413 1335 1482 ξγ,
1370 1409 1696 1483 διορισμους
1729 1410 1791 1467 δὲ
1813 1410 1944 1477 τοὺς

157 1514 210 1554 15
246 1500 306 1554 ἐκ
352 1502 455 1555 τοῦ
502 1499 749 1572 πρώτου·
806 1498 1077 1571 ἀπάγεται
1125 1522 1233 1570 γαρ
1284 1497 1419 1555 ὅλον
1466 1503 1545 1564 εἰς
1594 1497 1658 1555 τὸ
1704 1503 1942 1572 πρῶτον.

358 1587 633 1659 Λῆμματα
683 1588 744 1644 δὲ
793 1592 903 1660 ἔχει
950 1587 1016 1644 τὰ
1063 1590 1235 1660 λόγου
1276 1586 1557 1660 ἀποτομῆς
1594 1595 1654 1660 οἳ,
1701 1586 1843 1644 αὐτὰ
1883 1588 1945 1644 δὲ

244 1675 311 1731 τὰ
351 1675 454 1732 δύο
487 1680 678 1747 βιβλία
710 1680 824 1733 τῶν
858 1676 1032 1748 λόγου
1064 1675 1346 1749 ἀποτομῆς
1377 1675 1760 1749 θεωρημάτων
1793 1677 1944 1754 ἐστὶν
2003 1692 2005 1694 ’

246 1768 380 1839 W,
419 1764 557 1820 κατὰ
599 1765 660 1820 δὲ
700 1768 977 1839 Περικλέα
1017 1765 1295 1823 πλειόνων
1335 1763 1711 1838 ἢτοσούτων.

756 1924 846 1977 De
887 1924 1180 1978 sectione
1221 1924 1436 1993 spatii.

154 2039 212 2081 20
358 2027 444 2081 13.
483 2026 700 2096 Pappus
739 2026 872 2098 VII,
915 2029 944 2081 7
985 2047 1034 2097 p.
1078 2028 1207 2098 640,
1247 2029 1319 2082 26
1361 2046 1461 2097 sq.:

364 2123 474 2192 Τῆς
514 2118 565 2174 δ’
612 2120 946 2192 ἀποτομῆς
983 2124 1106 2176 τοῦ
1144 2125 1391 2192 χωρίου
1430 2123 1619 2191 βιβλία
1657 2119 1759 2192 μέν
1792 2121 1943 2176 ἐστιν

245 2209 377 2280 δύο,
433 2207 730 2281 πρόβλημα
787 2209 849 2266 δὲ
897 2208 1005 2266 κάν
1051 2209 1271 2275 τούτοις
1319 2212 1380 2264 ἓν
1428 2206 1942 2280 ὑποδιαιρούμενον

247 2301 357 2367 δίς,
419 2297 513 2352 καὶ
566 2297 785 2354 τούτων
840 2302 939 2370 μία
992 2297 1258 2370 πρότασίς
1313 2299 1467 2353 ἐστιν
1521 2295 1588 2351 τὰ
1644 2296 1747 2368 μὲν
1801 2297 1942 2352 ἄλλα

246 2383 452 2457 ὁμοίως
486 2388 688 2456 ἔχουσα
719 2389 785 2459 τῇ
815 2387 1076 2461 προτέρα,
1116 2385 1273 2460 μόνῳ
1305 2385 1366 2441 δὲ
1388 2384 1567 2460 τούτῳ
1595 2386 1942 2456 διαφέρουσα

156 2488 212 2528 25
245 2477 320 2548 τῷ
362 2477 482 2529 δεῖν
521 2471 618 2538 τὰς
649 2471 1103 2547 άποτεμνομένας
1136 2473 1239 2530 δύο
1273 2470 1499 2538 εὐθείας
1531 2474 1603 2529 ἐν’
1626 2475 1806 2545 ἐκείνῃ
1839 2472 1940 2544 μὲν

245 2562 419 2634 λόγον
466 2560 701 2633 ἐχούσας
749 2563 994 2619 δοθέντα
1039 2574 1251 2633 ποιεῖν,
1298 2564 1359 2618 έν
1408 2561 1470 2618 δὲ
1515 2561 1684 2635 ταύτῃ
1732 2565 1941 2633 χωρίον

243 2649 607 2722 περιεχούσας
661 2651 850 2707 δοθέν.
938 2651 1244 2723 ῥηθήσεται
1290 2649 1398 2722 γὰρ
1447 2648 1645 2716 οὕτως·
1700 2647 1793 2705 διὰ
1838 2652 1940 2705 τοῦ

364 2818 405 2858 4.
439 2810 708 2871 δεδομένων
739 2811 941 2857 Hultsch
974 2827 1078 2856 cum
1111 2811 1231 2856 aliis.
1368 2815 1406 2856 5.
1440 2812 1589 2869 δεδομ
1595 2809 1704 2856 ένου
1735 2809 1936 2855 Hultsch

243 2873 508 2989 {unssogliis'
664 2878 776 2929 sssq.
816 2873 1089 2928 repetuntur
1128 2869 1291 2928 paucis
1331 2869 1526 2915 mutatis
1559 2870 1704 2926 Papp.
1737 2868 1846 2925 VII,
1879 2873 1935 2913 65
