2046 3256
132 1083 187 1122 10

215 150 322 204 196
685 153 1127 196 OOMMENTARIA
1156 154 1440 207 ANTIQUA.

214 271 325 343 ἄρα
379 274 477 343 τῆς
524 277 638 326 ΑΕ
689 276 889 342 μείζων
937 274 1105 328 ἐστίν.
1188 271 1359 328 πάλιν
1415 273 1530 328 ἐπεὶ
1578 270 1614 344 ἡ
1662 279 1775 328 ΛΕ
1817 276 1917 345 τῆς

213 365 319 415 ΕΒ
362 362 512 415 ἐστιν
560 361 834 431 ἐλάσσων,
873 359 1034 431 κοινὴ
1078 360 1140 417 δὲ
1179 361 1270 416 καὶ
1310 364 1447 431 πρὸς
1488 359 1671 431 ὀρθὰς
1709 359 1744 433 ἡ
1784 368 1914 432 ΕΔ,

212 448 376 520 βάσις
422 448 531 521 ἄρα
578 446 612 519 ἡ
657 455 772 504 ΔΑ
819 452 916 518 τῆς
955 455 1070 504 ΒΛ
1117 451 1267 506 ἐστιν
1307 449 1575 506 ἐλάσσων.
1652 450 1769 507 ἐπεὶ
1809 443 1914 507 οὖν

212 536 246 609 ἡ
291 544 403 593 ΔΘ
441 541 538 610 τῆς
577 543 690 592 ΔΖ
730 540 881 594 ἐστιν
923 538 1201 609 ἐλάσσων,
1242 536 1275 609 ἡ
1318 538 1380 594 δὲ
1419 545 1530 594 ΔΖ
1567 549 1666 612 τῆς
1705 547 1839 611 ΔΑ,
1879 537 1913 611 ἡ

218 626 281 683 δὲ
322 634 439 683 ΔΑ
478 630 576 698 τῆς
614 633 752 699 ΔΒ,
798 629 1053 700 ἐλαχίστη
1095 629 1197 700 μέν
1237 629 1388 684 ἐστιν
1427 626 1460 700 ἡ
1503 635 1640 698 ΛΘ,
1687 632 1915 701 μεγίστη

217 715 279 772 δὲ
318 714 352 788 ἡ
395 722 533 787 ΛΒ,
573 717 659 772 ἀεὶ
701 716 763 773 δὲ
802 715 835 788 ἡ
879 721 1069 788 ἔγγιον
1107 717 1199 773 καὶ
1240 716 1304 772 τὰ
1347 718 1485 789 ἑξῆς.

329 802 471 862 ἀλλὰ
523 805 592 877 δὴ
640 804 674 877 ἡ
722 807 959 872 κάθετος
1004 807 1241 862 πιπτέτω
1291 809 1447 873 ἐντὸς
1491 810 1593 863 τοῦ
1631 812 1918 864 ΑΒΓΗΖ

215 894 428 951 κύκλου
470 892 543 961 ὡς
583 895 670 951 ἐπὶ
709 904 808 966 τῆς
845 900 1033 967 τρίτης
1070 905 1431 968 καταγραφῆς
1469 893 1502 968 ἡ
1543 903 1680 968 ΔΕ,
1718 896 1811 952 καὶ
1851 900 1919 952 εἰ·

215 984 422 1056 λήφθω
470 988 533 1041 τὸ
581 986 816 1055 κέντρον
860 988 962 1040 τοῦ
1001 984 1211 1041 κύκλου
1249 988 1309 1041 τὸ
1350 990 1426 1056 Κ,
1474 986 1564 1041 καὶ
1608 984 1918 1057 ἐπεζεύχθω

219 1071 253 1146 ἡ
296 1080 410 1130 ΕΚ
455 1074 547 1129 καὶ
595 1074 954 1146 ἐκβεβλήσθω
1004 1071 1093 1146 ἐφ’
1146 1075 1375 1147 ἑκάτερα
1421 1073 1488 1130 τὰ
1536 1077 1675 1148 μέρη
1724 1074 1812 1130 ἐπὶ
1853 1075 1921 1131 τὰ

217 1169 282 1233 Β,
316 1168 381 1233 Θ,
420 1163 514 1218 καὶ
556 1162 976 1235 ἐπεζεύχθωσαν
1010 1167 1072 1219 αἱ
1099 1169 1228 1235 ΔΘ,
1262 1170 1394 1234 ΔΒ,
1428 1165 1521 1219 καὶ
1554 1163 1920 1237 εἰλήφθωσαν

218 1253 320 1308 δύο
379 1259 495 1307 ἴσαι
551 1253 897 1325 περιφέρειαι
952 1252 1081 1322 παρ’
1142 1252 1372 1323 ἑκάτερα
1425 1258 1528 1309 τοῦ
1582 1260 1630 1309 Θ
1683 1255 1746 1308 αἱ
1797 1258 1920 1322 ΘΖ,

218 1346 341 1395 ΘΗ
370 1341 464 1396 καὶ
503 1339 632 1412 παρ’
672 1341 901 1413 ἑκάτερα
933 1350 1035 1397 τοῦ
1068 1349 1114 1398 Β
1147 1345 1211 1397 αἰ
1237 1350 1290 1397 A
1300 1348 1365 1412 Β,
1400 1346 1519 1412 ΒΓ,
1551 1342 1643 1397 καὶ
1676 1342 1922 1414 ἐπεζεύχ-

217 1436 418 1486 θωσαν
459 1433 521 1485 αι
558 1437 687 1501 ΕΖ,
729 1436 869 1501 ΕΗ,
913 1437 1047 1502 ΖΚ,
1088 1436 1233 1501 ΗΚ,
1278 1437 1403 1502 ΛΖ,
1445 1437 1580 1502 ΛΗ,
1622 1436 1756 1501 ΚΑ,
1795 1435 1922 1501 ΚΓ,

163 1532 185 1569 5
219 1525 355 1590 EA,
396 1525 525 1590 ΕΓ,
566 1526 709 1589 ΛΑ,
750 1525 885 1589 ΛΓ,
926 1526 1062 1591 ΑΒ,
1104 1525 1220 1576 ΒΓ.
1299 1521 1415 1576 ἐπεὶ
1464 1515 1569 1576 οὖν
1611 1527 1701 1591 ἴση
1745 1518 1780 1590 ἡ
1820 1525 1923 1575 ΘΖ

218 1609 543 1681 περιφέρεια
581 1612 646 1681 τῇ
682 1614 812 1678 ΘΗ,
853 1609 945 1663 καὶ
978 1614 1157 1680 γωνία
1188 1610 1297 1680 ἄρα
1331 1607 1364 1681 ἡ
1397 1608 1508 1665 ὑπὸ
1544 1614 1713 1664 ΘΚΖ
1742 1613 1923 1682 γωνία

217 1700 284 1770 τῇ
332 1695 442 1752 ὑπὸ
485 1703 597 1753 ΘΚ
603 1703 669 1752 Η
711 1699 860 1753 ἐστιν
910 1706 1018 1770 ἴση.
1093 1698 1186 1753 καὶ
1234 1699 1349 1754 ἐπεὶ
1398 1705 1490 1770 ἴση
1540 1699 1690 1755 ἐστὶν
1737 1695 1771 1769 ἡ
1814 1702 1924 1753 KZ

218 1789 285 1860 τῇ
335 1791 478 1857 ΗΚ,
535 1786 698 1858 κοινὴ
759 1786 822 1843 δὲ
876 1785 910 1858 ἡ
958 1792 1093 1857 ΚΕ,
1149 1787 1241 1843 καὶ
1293 1792 1470 1858 γωνία
1515 1785 1550 1858 ἡ
1597 1784 1706 1843 ὑπὸ
1757 1792 1928 1842 ΖΚΕ

222 1880 401 1950 γωνίᾳ
448 1884 513 1949 τῇ
561 1874 670 1931 ὑπὸ
711 1880 893 1930 ΗΚΕ
934 1877 1084 1932 ἐστιν
1126 1883 1243 1947 ἴση,
1291 1877 1453 1947 βάσις
1492 1876 1601 1946 ἄρα
1639 1873 1674 1946 ἡ
1716 1881 1823 1930 ΖΕ
1857 1878 1923 1948 τῇ

131 1975 190 2015 20
226 1970 345 2020 HE
397 1966 548 2021 ἐστιν
602 1972 710 2035 ἴση.
790 1964 904 2020 ἐπεὶ
954 1957 1059 2020 οὖν
1106 1963 1140 2036 ἡ
1192 1971 1298 2020 ΖΕ
1341 1974 1406 2038 τῇ
1450 1970 1568 2020 ΗΕ
1611 1967 1762 2020 ἐστιν
1814 1972 1925 2036 ἴση,

222 2052 385 2125 κοινὴ
435 2053 497 2108 δὲ
546 2051 579 2124 ἡ
628 2059 768 2123 ΛΕ,
815 2053 907 2109 καὶ
955 2058 1133 2124 γωνία
1178 2051 1212 2125 ἡ
1259 2051 1369 2110 ὑπὸ
1417 2059 1583 2108 ΖΕΔ
1633 2059 1813 2128 γωνίᾳ
1859 2057 1925 2126 τῇ

222 2140 331 2198 ὑπὸ
372 2148 554 2198 ΗΕΛ
593 2145 744 2198 ἐστιν
786 2151 897 2214 ἴση,
936 2141 1101 2213 βάσις
1141 2142 1248 2215 ἄρα
1289 2141 1323 2214 ἡ
1367 2149 1476 2197 ΔΖ
1517 2145 1581 2215 τῇ
1615 2147 1745 2197 ΔΗ
1776 2144 1928 2197 ἐστιν

226 2239 334 2303 ἴση.
411 2232 582 2287 πάλιν
632 2232 746 2287 ἐπεὶ
788 2239 879 2303 ἴση
921 2232 1072 2287 ἐστὶν
1113 2230 1147 2302 ἡ
1188 2237 1296 2287 ΑΒ
1335 2232 1658 2304 περιφέρεια
1696 2233 1763 2303 τῇ
1804 2234 1926 2300 ΒΓ,

226 2320 319 2375 καὶ
374 2325 552 2391 γωνία
610 2318 717 2391 ἄρα
772 2318 806 2391 ἡ
863 2318 973 2376 ὑπὸ
1024 2327 1194 2376 ΑΚΒ
1249 2325 1429 2394 γωνίᾳ
1483 2323 1549 2392 τῇ
1605 2317 1713 2375 ὑπὸ
1763 2323 1928 2375 ΓΚΒ

139 2418 195 2459 25
230 2411 381 2465 ἐστιν
430 2415 545 2479 ἴση·
595 2409 735 2464 ὥστε
780 2410 873 2465 καὶ
914 2413 1078 2480 λοιπὴ
1121 2414 1198 2475 εἰς
1239 2408 1335 2475 τὰς
1376 2408 1479 2464 δύο
1522 2407 1703 2480 ὀρθὰς
1741 2405 1775 2478 ἡ
1815 2405 1926 2463 ὑπὸ

226 2503 404 2553 ΛΚΕ
452 2500 618 2569 λοιπῇ
666 2502 744 2562 εἰς
789 2497 886 2563 τὰς
934 2497 1037 2554 δύο
1087 2496 1266 2570 ὀρθὰς
1312 2502 1377 2569 τῇ
1418 2497 1529 2553 ὑπὸ
1570 2502 1741 2552 ΓΚΕ
1776 2498 1928 2552 ἐστιν

229 2594 337 2658 ἴση.
416 2586 532 2642 ἐπεὶ
582 2579 687 2642 οὖν
734 2584 767 2657 ἡ
812 2593 931 2641 ΑΚ
972 2591 1038 2661 τῇ
1081 2592 1198 2643 ΚΓ
1230 2589 1381 2643 ἐστιν
1422 2594 1540 2658 ἴση,
1587 2588 1749 2657 κοινὴ
1790 2585 1852 2641 δὲ
1892 2583 1926 2656 ἡ

229 2680 366 2745 ΕΚ,
419 2675 512 2731 καὶ
566 2680 744 2746 γωνία
800 2673 834 2746 ἡ
891 2674 999 2731 ὑπὸ
1047 2681 1224 2731 ΛΚΕ
1265 2680 1444 2750 γωνίᾳ
1490 2678 1555 2748 τῇ
1601 2672 1711 2730 ὑπὸ
1759 2678 1932 2729 ΓΚΕ

352 2903 392 2943 3.
447 2903 532 2941 ΛΑ
597 2912 620 2942 e
653 2911 768 2942 corr.
802 2911 845 2953 p.
1005 2902 1072 2943 12.
1122 2895 1176 2941 αῖ
1234 2912 1278 2954 p,
1319 2892 1347 2952 ἡ
1382 2897 1442 2939 W
1458 2898 1531 2954 (φ).
1689 2900 1758 2940 15.
1807 2896 1927 2953 ΛΓ]

234 2962 339 3009 ΔΒ,
374 2960 471 3000 ΛΓ
615 2958 663 3001 et
702 2971 727 3001 e
768 2969 884 3001 corr.
916 2970 967 3012 P3
1018 2971 1131 3001 corr.
1203 2968 1339 3000 omm.
1497 2960 1563 2999 17.
1613 2955 1690 3013 τῇ]
1732 2955 1814 3011 τῆς
1853 2954 1927 2998 W.
