2046 3256
302 156 413 211 240
774 156 1213 201 COMMENTARIA
1243 120 1528 210 ANTIQ'UA.

301 285 353 332 A
365 282 427 347 Ζ,
451 274 513 332 τὸ
534 283 586 331 Α
594 282 668 332 Μ
667 282 731 331 Ν
735 282 781 331 Β
804 273 1388 349 παραλληλόγραμμον
1412 294 1553 348 προς
1575 275 1639 330 τὸ
1659 275 1772 339 ΑΞ
1791 281 1998 348 παραλ-

300 365 727 438 ληλόγραμμον,
767 363 842 430 ὡς
879 363 988 437 ἄρα
1026 362 1089 420 τὸ
1130 362 1237 420 ἀπὸ
1272 369 1373 419 ΓΒ
1412 362 1554 438 πρὸς
1590 364 1654 420 τὸ
1686 369 1848 420 ΓΔΒ
1886 367 2002 436 τρί-

300 476 507 526 γωνον,
548 453 726 519 οὕτως
762 451 825 510 τὸ
858 459 1107 509 ΑΜΝΒ
1147 452 1733 527 παραλληλόγραμμον
1762 452 1901 526 πρὸς
1939 457 2000 509 τὸ

302 552 353 598 A
364 546 519 607 ΖΞΒ
537 544 1140 616 παραλληλόγραμμον·
1167 541 1420 613 ἐναλλάξ,
1439 539 1514 609 ὡς’
1529 541 1591 599 τὸ
1611 541 1722 599 ἀπὸ
1741 547 1843 599 ΓΒ
1860 544 2001 616 πρὸς

242 645 267 683 5
301 632 363 687 τὸ
382 639 435 687 Α
443 638 515 688 Μ
517 638 581 688 Ν
583 638 630 687 Β
655 631 1257 705 παραλληλόγραμμον,
1281 629 1457 698 οὕτως
1471 632 1534 688 τὸ
1554 636 1706 687 ΓΔΒ
1722 637 2002 706 τρίγωνον

301 721 442 795 πρὸς
486 720 550 777 τὸ
590 724 802 781 ΑΖΞΒ
842 720 1440 794 παραλληλόγραμμον.
1518 729 1643 777 ἴσον
1684 721 1750 777 δέ
1785 722 1900 777 ἐστι
1938 721 2000 778 τὸ

302 817 467 867 ΖΑΒ
477 813 527 875 Ξ
546 813 1130 884 παραλληλόγραμμον
1154 813 1229 886 τῷ
1255 814 1424 865 ΓΒΔ
1447 808 1727 886 τριγώνῳ·
1753 811 1869 866 ἐπεὶ
1893 811 2002 883 γὰρ

300 900 363 956 τὸ
394 905 572 957 ΓΗΚ
591 905 871 971 τρίγωνον
895 903 971 976 τῷ
998 906 1111 955 ΑΛ
1119 904 1185 954 Η
1189 906 1244 955 Δ
1266 898 1650 974 τετραπλεύρῳ
1676 899 1826 956 ἐστὶν
1860 906 2003 971 ἴσον,

301 989 498 1045 κοινὸν
518 989 580 1045 δὲ
595 988 659 1045 τὸ
670 994 898 1044 ΗΔΒΚ
908 990 1332 1062 τετράπλευρον,
1348 988 1411 1045 τὸ
1430 993 1647 1044 ΛΑΒΚ
1659 988 2004 1062 παραλληλό-

217 1089 271 1128 10
301 1100 561 1153 γραμμον
599 1081 674 1153 τῷ
710 1082 874 1133 ΓΔΒ
913 1077 1167 1151 τριγώνῳ
1201 1078 1353 1134 ἐστὶν
1387 1084 1535 1134 ἴσον·
1574 1078 1638 1133 τὸ
1673 1077 1736 1133 δὲ
1769 1083 2005 1133 ΛΑΒΚ

300 1167 888 1241 παραλληλόγραμμον
921 1170 995 1240 τῷ
1025 1168 1246 1229 ΖΑΒΞ
1265 1165 1823 1243 παραλληλογράμμῳ
1850 1167 2000 1224 ἐστὶν

304 1266 452 1314 ἴσον·
494 1258 582 1313 ἐπὶ
622 1255 729 1330 γὰρ
768 1259 866 1328 τῆς
906 1255 1078 1327 αὐτῆς
1115 1256 1329 1327 βάσεώς
1368 1258 1483 1312 ἐστι
1521 1258 1619 1327 τῆς
1656 1262 1767 1311 AB
1805 1256 1898 1311 καὶ
1938 1257 1999 1312 ἐν

298 1358 419 1413 ταῖς
474 1344 668 1412 αὐταῖς
721 1344 1096 1417 παραλλήλοις
1148 1356 1269 1411 ταῖς
1307 1352 1441 1416 ΑΒ,
1493 1350 1617 1402 ΖΚ.
1709 1351 1835 1401 ἴσον
1891 1344 2000 1419 ἄρα

303 1437 417 1493 ἐστὶ
455 1435 518 1491 τὸ
551 1441 721 1491 ΓΔΒ
753 1439 1035 1507 τρίγωνον
1065 1436 1142 1509 τῷ
1171 1436 1387 1498 ΞΖΛΒ
1420 1433 2002 1510 παραλληλογράμμῳ·

217 1539 270 1579 15
304 1525 444 1582 ὥστε
490 1526 582 1581 καὶ
620 1523 684 1581 τὸ
730 1523 842 1580 ἀπὸ
882 1529 983 1580 ΓΒ
1029 1527 1106 1599 τῷ
1146 1530 1395 1580 ΑΜΝΒ
1442 1523 2002 1599 παραλληλογράμμῳ

304 1616 455 1672 ἐστὶν
503 1622 644 1670 ἴσον.
728 1612 791 1670 τὸ
843 1613 905 1670 δὲ
952 1619 1210 1669 ΜΑΒΝ
1248 1613 1828 1686 παραλληλόγραμμον
1876 1620 2004 1668 ἴσον

304 1706 418 1761 ἐστὶ
465 1707 540 1780 τῷ
589 1700 699 1759 ὑπὸ
739 1709 943 1758 ΜΑΒ·
991 1700 1025 1774 ἡ
1073 1701 1182 1776 γὰρ
1224 1707 1349 1757 MA
1387 1700 1525 1775 πρὸς
1565 1701 1744 1774 ὀρθάς
1783 1703 1898 1758 ἐστι
1936 1704 2003 1774 τῇ

301 1801 433 1849 ΑΒ·
480 1791 543 1849 τὸ
592 1794 701 1865 ἄρα
747 1789 856 1848 ὑπὸ
897 1797 1079 1847 ΜΑΒ
1125 1799 1250 1847 ἴσον
1291 1791 1406 1847 ἐστὶ
1451 1793 1528 1867 τῷ
1568 1789 1676 1846 ἀπὸ
1717 1795 1835 1846 ΓΒ.
1911 1794 2010 1845 καί

305 1885 455 1939 ἐστιν
495 1879 529 1953 ἡ
563 1887 691 1936 ΜΛ
731 1878 903 1954 ὀρθία
942 1882 1044 1936 τοῦ
1085 1883 1271 1945 εἴδους
1309 1879 1541 1953 πλευρά,
1580 1877 1614 1951 ἡ
1650 1878 1712 1934 δὲ
1744 1884 1852 1934 ΑΒ
1885 1877 2006 1938 διά-

215 1983 273 2024 20
305 1993 526 2044 μετρος,
574 1970 666 2025 καὶ
713 1967 747 2040 η
788 1974 892 2025 ΓΒ
937 1969 1297 2040 τεταγμένως·
1346 1967 1701 2040 παράλληλος
1738 1967 1846 2040 γάρ
1889 1968 2002 2022 ἐστι

302 2064 370 2133 τῇ
409 2066 542 2115 ΑΕ·
579 2059 643 2115 τὸ
686 2062 740 2114 Γ
773 2056 879 2130 ἄρα
918 2056 1058 2130 πρὸς
1094 2060 1162 2130 τῇ
1200 2060 1340 2130 τομῇ
1382 2059 1547 2113 ἐστιν.
1608 2053 1643 2128 ἡ
1679 2061 1862 2111 ΔΗΓ
1894 2054 2004 2128 ἄρα

304 2148 608 2220 συμβάλλει
646 2149 712 2220 τῇ
752 2149 893 2219 τομῇ
934 2145 1071 2201 κατὰ
1112 2145 1175 2202 τὸ
1219 2151 1295 2201 Γ·
1337 2143 1471 2218 ὅπερ
1513 2148 1626 2201 ἔδει
1666 2146 1856 2212 δεῖξαι.

556 2308 790 2381 σχόλια
831 2312 923 2374 εἰς
961 2313 1030 2364 τὸ
1069 2308 1396 2382 προτεθὲν
1436 2307 1768 2380 θεώρημα.

416 2413 803 2484 πεποιήσθω
846 2412 949 2484 δή,
991 2415 1071 2479 ὡς
1109 2417 1177 2468 τὸ
1218 2410 1339 2468 άπὸ
1373 2418 1485 2466 ΑΕ
1519 2415 1678 2484 πρὸς
1714 2414 1784 2466 τὸ
1826 2417 2002 2467 ΑΕΔ

215 2517 273 2557 25
305 2507 667 2574 τρίγωνον,
722 2499 756 2572 ἡ
813 2507 939 2556 ΜΛ
992 2504 1151 2573 πρὸς
1205 2505 1334 2570 AZ]
1390 2502 1556 2556 τοῦτο
1613 2499 1887 2555 δέδεικται
1938 2501 2001 2556 ἐν

305 2595 509 2666 σχολίῳ
556 2592 658 2645 τοῦ
699 2589 777 2644 ια’
817 2589 1191 2662 θεωρήματος.
1270 2587 1601 2659 ἀναγράψας
1637 2588 1743 2660 γὰρ
1784 2586 1846 2643 τὸ
1888 2588 1998 2643 ἄπο

305 2687 419 2735 ΑΕ
453 2680 546 2734 καὶ
584 2676 732 2750 παρὰ
773 2679 878 2748 τὴν
916 2677 1161 2751 πλευρὰν
1193 2676 1369 2734 αὐτοῦ
1400 2686 1474 2752 τῷ
1540 2682 1715 2732 ΑΕΔ
1745 2674 1999 2750 τριγώνῳ

306 2777 432 2823 ἴσον
470 2765 811 2840 παραβαλὼν
852 2767 954 2832 ἔξω
994 2766 1056 2822 τὸ
1100 2766 1453 2838 ζητούμενον.

424 2907 463 2945 3.
498 2897 619 2945 οὕτω
644 2916 688 2957 p.
811 2904 852 2943 4.
885 2900 1006 2943 Ante
1034 2897 1231 2954 ἐναλλάξ
1256 2901 1340 2944 ins.
1368 2901 1453 2943 καί
1472 2913 1622 2955 comp.
1640 2897 1715 2942 W.
1840 2902 1879 2942 5.
1913 2895 1995 2955 τό]

304 2958 355 3004 τὸ
390 2957 486 3004 ἀπό
528 2961 647 3016 Wp,
697 2974 812 3004 corr.
845 2957 1020 3003 Comm.
1174 2957 1294 3005 οὕτω
1335 2974 1379 3016 p.
1531 2963 1572 3003 6.
1616 2955 1730 3015 ἔστι]
1773 2969 1919 3013 comp.
1951 2971 1996 3012 Ρ,
