2046 3256
253 129 360 183 128
910 130 1289 174 FRAGMENTA.

252 247 512 318 δεκάδος,
567 250 681 303 τῶν
730 246 793 303 δὲ
839 252 902 317 Γ,
936 254 1008 316 A,
1042 253 1094 302 Ε
1137 247 1364 312 ἕκαστος
1413 245 1948 315 ἐλάσσωνδεκάδος

252 342 418 407 ἔστω,
458 335 550 391 καὶ
592 336 722 391 δέον
763 340 901 392 ἔστω
941 334 1043 391 τὸν
1084 337 1143 392 ἐκ
1181 339 1296 392 τῶν
1335 340 1407 406 Α,
1439 341 1505 407 Β,
1539 340 1603 407 Γ,
1636 342 1710 407 A,
1742 342 1797 392 Ε
1831 353 1949 394 στε-

252 425 386 497 ρεὸν
425 429 616 481 εἰπεῖν.

347 513 643 570 ’Ἑστωσαν
682 512 790 585 γὰρ
827 517 943 570 τῶν
975 521 1046 585 Α,
1079 521 1126 569 Β
1165 515 1448 585 πυθμένες
1488 515 1546 569 οἱ
1574 520 1638 585 Ζ,
1669 519 1746 569 Η·
1787 515 1948 586 λέγω,

195 616 220 656 5
253 603 338 660 ὅτι
379 600 408 659 ὁ
452 604 662 659 ἐκτῶν
702 610 772 672 A,
805 608 870 673 Β,
903 606 967 673 Γ,
1002 609 1074 673 Δ,
1108 609 1160 658 Ε
1205 601 1427 675 στερεὸς
1474 605 1576 658 τοῦ
1624 604 1683 659 ἐκ
1729 605 1845 660 τῶν
1886 608 1949 674 Ζ,

251 699 326 763 Η,
358 698 423 763 Γ,
457 698 530 763 Δ,
565 698 616 747 Ε
653 693 882 764 στερεοῦ
922 690 1428 757 ἑκατονταπλάσιός
1467 692 1632 748 ἐστιν.

365 784 445 837 De
486 783 953 838 demonstratione
984 782 1202 852 Pappus
1234 802 1284 852 p.
1323 784 1407 848 10,
1444 782 1533 836 14:
1574 780 1635 836 τὸ
1678 780 1741 836 δὲ
1778 802 1951 852 γραμ-

252 868 417 941 μικὸν
458 872 517 927 ἐκ
555 873 671 927 τῶν
707 868 1100 926 Ἀπολλωνίου.

366 1006 453 1060 45.
509 1007 727 1076 Pappus
765 1006 836 1075 II,
881 1008 950 1060 10
988 1026 1038 1075 p.
1074 1007 1158 1075 10,
1191 1006 1261 1058 31
1282 1023 1382 1074 sq.:

167 1118 221 1158 10
359 1105 525 1163 Ἀλλά
565 1107 634 1179 δὴ
676 1112 924 1163 ἔστωσαν
963 1111 1188 1172 πλείους
1226 1114 1398 1179 τριῶν
1440 1108 1497 1161 οἱ
1527 1113 1597 1176 Α,
1622 1112 1688 1177 Β,
1716 1110 1779 1177 Γ,
1804 1111 1877 1177 Δ,
1903 1112 1956 1162 Ε

252 1197 346 1252 καὶ
379 1198 606 1262 ἕκαστος
639 1195 893 1252 ἐλάσσων
926 1195 1029 1267 μὲν
1064 1194 1449 1266 ἑκατοντάδος,
1482 1194 1857 1267 μετρούμενος
1890 1195 1952 1251 δὲ

253 1283 363 1341 ὑπὸ
404 1285 666 1356 δεκάδος,
706 1288 820 1340 τῶν
861 1284 923 1340 δὲ
965 1290 1028 1355 Ζ,
1060 1290 1135 1355 Η,
1169 1291 1216 1340 Θ
1256 1285 1481 1349 ἕκαστος
1519 1287 1658 1340 ἔστω
1699 1283 1953 1341 ἐλάσσων

256 1373 506 1438 δεκάδος.

373 1460 448 1518 Τὸ
482 1468 703 1533 πλῆθος
733 1465 846 1517 τῶν
878 1468 950 1532 A,
984 1468 1042 1533 Β,
1069 1466 1133 1532 Γ,
1158 1467 1231 1530 A,
1256 1467 1308 1515 Ε
1335 1460 1609 1533 πρότερον
1641 1465 1950 1532 μετρείσθω

170 1562 223 1602 15
255 1548 365 1607 ὑπὸ
406 1550 673 1623 τετράδος
711 1549 848 1607 κατὰ
886 1549 987 1606 τὸν
1023 1556 1087 1621 Ο,
1126 1550 1220 1605 καὶ
1260 1553 1507 1605 ἔστωσαν
1546 1552 1659 1605 τῶν
1700 1557 1771 1620 A,
1796 1556 1862 1620 Β,
1887 1554 1951 1620 Γ,

257 1646 329 1709 Δ,
372 1646 424 1694 Ε
471 1640 756 1710 πυθμένες
811 1641 870 1694 015
921 1643 991 1709 Κ,
1032 1645 1103 1708 A,
1143 1643 1225 1708 M,
1265 1643 1342 1709 N,
1386 1640 1457 1701 Ξ·
1513 1636 1597 1694 ὅτι
1652 1635 1681 1693 ὁ
1735 1639 1794 1693 ἐκ
1839 1640 1953 1694 τῶν

256 1735 327 1798 Α,
353 1734 417 1798 Β,
444 1734 509 1800 Γ,
537 1735 608 1798 A,
634 1735 697 1799 Ζ,
722 1734 797 1799 Η,
824 1734 871 1783 Θ
910 1726 1130 1801 στερεὸς
1164 1734 1284 1792 ἴσος
1315 1727 1466 1782 ἐστὶν
1502 1725 1770 1798 μυριάσιν
1808 1724 1953 1798 ὁμω-

255 1816 457 1887 νύμοις
494 1820 570 1893 τῷ
615 1823 687 1888 0,
744 1815 872 1872 ὅσαι
919 1816 1163 1887 μονάδες
1212 1815 1355 1871 εἰσὶν
1404 1817 1465 1871 ἐν
1512 1818 1587 1891 τῶ
1638 1817 1839 1891 στερεῷ
1878 1824 1954 1890 τῷ

258 1906 317 1958 ἐκ
355 1908 469 1960 τῶν
509 1910 582 1975 Κ,
618 1911 687 1975 Λ,
720 1911 802 1975 M,
834 1911 900 1960 N
932 1905 1020 1959 ἐπὶ
1058 1903 1159 1960 τὸν
1200 1906 1259 1959 ἐκ
1297 1905 1409 1959 τῶν
1451 1910 1514 1975 Ζ,
1547 1909 1623 1974 Η,
1656 1910 1717 1959 Θ.

171 2006 228 2046 20
365 1995 446 2048 De
465 1995 680 2048 casibus
700 1995 947 2060 secundo,
963 1995 1141 2061 tertio,
1160 1997 1352 2064 quarto
1372 1994 1590 2063 Pappus
1607 2013 1657 2063 p.
1673 1994 1756 2065 12,
1773 1994 1846 2047 20
1856 2013 1954 2065 sq.:

364 2080 532 2137 Ἀλλὰ
575 2081 644 2152 δὴ
695 2079 756 2136 τὸ
805 2087 1024 2152 πλῆθος
1070 2084 1183 2138 τῶν
1229 2087 1300 2152 A,
1339 2087 1406 2152 Β,
1445 2085 1508 2151 Γ,
1546 2087 1618 2151 A,
1651 2086 1705 2135 E
1747 2081 1821 2152 μὴ
1866 2102 1957 2152 με-

257 2174 499 2242 τρείσθω
548 2167 658 2225 ὑπὸ
707 2169 991 2242 τετράδος·
1046 2168 1426 2241 μετρούμενον
1475 2168 1544 2239 δὴ
1591 2166 1717 2239 ἤτοι
1766 2173 1801 2224 ἆ
1846 2165 1881 2240 ἢ
1920 2159 1957 2240 B

258 2255 292 2329 ἢ
332 2263 366 2330 73
406 2264 599 2326 λείψει.
677 2262 729 2314 εἰ
774 2259 876 2329 μὲν
927 2252 1031 2314 οὖν
1081 2259 1180 2314 ἕνα
1220 2261 1425 2327 λείψει,
1473 2261 1626 2314 ἔσται
1672 2257 1702 2313 ὁ
1744 2258 1804 2314 ἐκ
1841 2279 1956 2314 των

258 2354 328 2417 A,
362 2353 430 2416 Β,
464 2351 524 2417 Γ,
549 2353 620 2418 A,
655 2353 720 2418 E,
757 2353 819 2418 Z,
851 2353 925 2416 H,
958 2353 1006 2402 Θ
1046 2345 1267 2419 στερεὸς
1305 2346 1597 2418 μυριάδων
1639 2343 1954 2416 ὁμωνύμων

171 2447 227 2487 25
258 2438 333 2509 τῷ
378 2440 449 2504 Ο,
500 2433 631 2501 ὅσος
680 2436 832 2490 ἐστὶν
880 2435 909 2491 ὁ
959 2437 1018 2490 ἐκ
1065 2443 1179 2491 τῶν
1218 2440 1291 2504 K,
1326 2439 1395 2504 A,
1429 2437 1511 2504 M,
1544 2439 1620 2504 Ν,
1650 2435 1701 2496 Ξ
1734 2434 1957 2506 στερεὸς

261 2523 347 2578 ε’πὶ
386 2521 487 2578 τὸν
528 2525 587 2577 ἐκ
627 2533 741 2579 τῶν
782 2530 845 2594 Ζ,
878 2530 951 2594 Η,
985 2530 1032 2579 Θ
1070 2524 1162 2579 καὶ
1204 2520 1233 2578 ὁ
1273 2521 1575 2593 γενόμενος
1614 2522 1854 2587 δεκάκις·
1905 2525 1956 2577 εἰ

382 2750 449 2789 10.
507 2745 696 2794 πλείους
742 2744 908 2803 τριῶν]
958 2743 1237 2801 Apollonius
1285 2742 1538 2800 scripserat
1594 2739 1953 2798 ὁσοιδηποτοῦν.

321 2807 375 2847 10
394 2817 460 2859 sq.
503 2803 751 2848 Hultschio
792 2804 1020 2860 suspecta.
1173 2807 1245 2847 24.
1296 2805 1351 2857 Z,
1378 2804 1445 2856 H,
1473 2802 1541 2859 Θ]
1591 2800 1813 2856 Hultsch,
1860 2814 1949 2845 om.

260 2863 393 2907 codd.
550 2866 620 2907 25.
657 2864 698 2907 Ο
728 2861 967 2907 τοσούτων
999 2862 1116 2906 coni.
1149 2861 1363 2905 Hultsch.
1508 2860 1578 2917 Ξ]
1615 2859 1813 2904 Hultsoh
1847 2873 1952 2903 cum

259 2921 491 2978 Wallisio,
526 2935 617 2967 om.
651 2920 784 2967 codd.
923 2925 992 2966 26.
1027 2920 1108 2965 καὶ
1142 2917 1187 2979 ὁ]
1222 2920 1310 2966 del.
1342 2919 1546 2964 Hultsoh
1583 2932 1687 2963 cum
1712 2917 1951 2963 ·Wallisio.
