2046 3256
283 154 392 208 256
755 151 1196 196 COMMENTARIA
1228 151 1512 204 ANTIQUA.

396 273 511 329 ἐπεὶ
543 270 649 345 γὰρ
685 278 810 327 ἴσον
845 271 959 327 ἐστὶ
991 268 1062 327 τὸ,
1087 267 1196 326 ὑπὸ
1231 275 1397 326 ΖΓΔ
1427 278 1503 346 τῷ
1538 267 1647 325 ἀπὸ
1680 272 1802 340 ΓΒ,
1834 271 1986 325 ἔστιν

284 361 419 436 ἄρα,
467 359 543 427 ὡς
589 358 623 432 ἡ
674 364 780 415 ΖΓ
819 357 957 430 πρὸς
1004 364 1133 430 ΓΒ,
1180 356 1214 430 ἡ
1265 363 1366 413 ΓΒ
1413 357 1551 431 πρὸς
1599 362 1724 414 ΓΔ·
1771 357 1865 413 καὶ
1911 355 1988 423 ὥς

284 450 393 523 ἄρα
432 451 494 506 τὸ
538 447 647 505 ἀπὸ
689 452 787 520 τῆς
819 453 919 503 ΓΖ
960 445 1108 514 εἶδος
1146 445 1285 520 πρὸς
1315 448 1379 503 τὸ
1413 444 1523 503 ἀπὸ
1555 450 1654 518 τῆς
1685 451 1786 502 ΓΒ
1818 443 1984 517 εἶδος,

285 538 462 606 οὕτως
499 538 533 610 ἡ
578 543 684 594 ΖΓ
715 536 855 609 πρὸς
891 538 997 608 τὴν
1029 541 1153 592 ΓΔ.
1217 533 1339 592 ἀλλ’
1385 534 1459 601 ὡς
1498 535 1600 608 μὲν
1640 533 1702 591 τὸ
1737 531 1844 591 ἀπὸ
1882 539 1991 591 ΖΓ

225 643 252 682 5
283 626 422 701 πρὸς
468 626 530 683 τὸ
581 624 688 682 ἀπὸ
730 631 857 697 ΓΒ,
905 624 968 681 τὸ
1010 630 1179 681 ΕΖΓ
1217 632 1493 698 τρίγωνον
1540 622 1679 697 πρὸς
1715 623 1779 680 τὸ
1821 629 1984 680 ΛΓΒ

283 722 581 789 τρίγωνον,
623 714 698 782 ὡς
738 715 800 771 δὲ
839 713 872 786 ἡ
916 720 1024 770 ΖΓ
1055 714 1194 789 πρὸς
1235 720 1362 787 ΓΔ,
1405 713 1468 771 τὸ
1509 718 1675 770 ΕΖΓ
1705 717 1985 786 τρίγωνον

283 805 422 879 πρὸς
467 804 531 861 τὸ
573 809 734 860 ΕΓΔ
779 808 1078 878 τρίγωνον·
1127 802 1202 870 ὡς
1247 803 1358 876 ἄρα
1403 803 1467 860 τὸ
1508 807 1667 858 ΕΓΖ
1705 806 1983 875 τρίγωνον

282 897 424 967 πρὸς
461 893 524 950 τὸ
558 899 731 950 ΒΛΓ
760 897 1054 966 τρίγωνον,
1091 892 1153 949 τὸ
1186 899 1347 948 ΕΓΖ
1389 894 1530 964 πρὸς
1567 890 1631 948 τὸ
1663 896 1834 948 ΕΓΔ
1871 895 1983 964 τρί·

283 1007 487 1055 γωνον.
565 990 692 1039 ἴσον
739 981 847 1055 ἄρα
897 981 959 1038 τὸ
1000 987 1169 1037 ΕΓΔ
1207 987 1485 1056 τρίγωνον
1524 984 1600 1056 τῷ
1642 985 1821 1037 ΒΓΛ.
1891 981 1985 1036 καὶ

197 1087 252 1127 10
286 1071 359 1138 ὡς
398 1072 508 1140 ἄρα
548 1071 634 1127 ἐπὶ
675 1071 777 1142 μὲν
816 1074 912 1143 τῆς
951 1070 1266 1144 ὑπερβολῆς
1306 1068 1741 1144 ἀναστρέψαντι,
1790 1070 1876 1126 ἐπὶ
1919 1068 1980 1125 δὲ

283 1170 378 1233 τῆς
425 1162 716 1228 ἐλλείψεως
761 1157 1041 1215 ἀνάπαλιν
1087 1161 1179 1215 καὶ
1226 1159 1495 1230 διελόντι,
1547 1157 1665 1230 [ὥς]
1714 1160 1776 1216 τὸ
1819 1163 1987 1214 ΕΖΓ

283 1255 561 1323 τρίγωνον
614 1248 754 1322 πρὸς
808 1250 869 1305 τὸ
923 1254 1032 1304 ΕΛ
1044 1255 1147 1304 ΒΖ
1199 1247 1633 1321 τετράπλευρον,
1690 1246 1866 1314 οὕτως
1919 1246 1981 1303 τὸ

286 1345 445 1395 ΕΓΖ
500 1340 634 1410 πρὸς
687 1340 749 1394 τὸ
801 1344 972 1393 ΕΔΖ
1019 1342 1319 1410 τρίγωνον·
1376 1344 1501 1393 ἴσον
1548 1336 1656 1411 ἄρα
1702 1335 1764 1393 τὸ
1813 1342 1983 1392 ΕΔΖ

284 1433 563 1501 τρίγωνον
616 1431 692 1503 τῷ
740 1433 964 1483 ΕΛΒΖ
1018 1427 1421 1503 τετραπλεύρῳ.
1505 1426 1597 1482 καὶ
1653 1427 1776 1482 ἐπεί
1819 1427 1985 1498 ἐστιν,

201 1531 253 1571 15
288 1515 361 1583 ὡς
407 1515 469 1572 τὸ
519 1514 628 1571 ἀπὸ
671 1521 771 1571 ΓΖ
817 1517 957 1589 πρὸς
1002 1515 1066 1572 τὸ
1117 1513 1225 1571 ἀπὸ
1265 1521 1393 1586 ΓΒ,
1439 1514 1502 1571 τὸ
1543 1520 1702 1571 ΕΓΖ
1745 1512 1884 1589 πρὸς
1921 1513 1984 1571 τὸ

287 1611 400 1662 ΛΓ
404 1612 451 1661 Β
491 1610 788 1678 τρίγωνον,
829 1605 918 1661 ἐπὶ
958 1605 1060 1678 μὲν
1100 1609 1198 1677 τῆς
1236 1602 1549 1677 ὑπερβολῆς
1589 1603 1852 1676 διελόντι,
1898 1603 1984 1660 ἐπὶ

289 1694 351 1751 δὲ
388 1698 484 1766 τῆς
524 1696 815 1761 ἐλλείψεως
848 1693 1125 1750 ἀνάπαλιν
1157 1694 1249 1749 καὶ
1282 1691 1694 1765 ἀναστρέψαντι
1725 1692 1819 1749 καὶ
1851 1691 1983 1749 ἀνοί-

286 1789 454 1839 παλίν
504 1784 679 1854 ἐστιν,
729 1782 803 1849 ὡς
849 1782 911 1838 τὸ
958 1781 1069 1838 ὑπὸ
1112 1790 1276 1838 ΑΖΒ
1316 1782 1456 1851 πρὸς
1493 1780 1555 1839 τὸ
1598 1780 1707 1838 ἀπὸ
1748 1786 1873 1851 ΒΓ,
1919 1780 1981 1837 τὸ

288 1879 397 1928 ΕΛ
409 1879 512 1928 ΒΖ
543 1871 951 1944 τετράπλευρον
982 1871 1123 1945 πρὸς
1154 1873 1215 1928 τὸ
1245 1879 1291 1927 Β
1302 1878 1352 1927 Λ
1363 1876 1414 1927 Γ
1438 1876 1730 1943 τρίγωνον.
1780 1868 1986 1942 ὁμοίως

200 1974 258 2015 20
292 1962 353 2016 δὲ
391 1966 500 2032 καί,
544 1959 617 2026 ὡς
655 1959 717 2016 τὸ
760 1958 869 2016 ἀπὸ
904 1965 1005 2015 ΓΒ
1045 1960 1183 2033 πρὸς
1222 1959 1284 2015 τὸ
1321 1958 1429 2015 ὑπὸ
1464 1965 1665 2030 ΑΚΒ,
1707 1957 1884 2025 οὕτως
1921 1958 1983 2015 τὸ

288 2056 449 2106 ΛΓΒ
496 2054 775 2123 τρίγωνον
829 2048 968 2120 πρὸς
1014 2048 1075 2104 τὸ
1125 2054 1377 2104 ΜΛΒΚ
1421 2046 1848 2121 τετράπλευρον·
1905 2047 1979 2104 δι’

289 2146 416 2195 ἴσον
463 2137 598 2211 ἄρα,
646 2136 719 2204 ὡς
763 2136 827 2194 τό
876 2136 984 2194 ὑπὸ
1026 2145 1190 2193 ΑΖΒ
1239 2139 1381 2210 πρὸς
1422 2138 1484 2193 τὸ
1525 2136 1634 2193 ὑπὸ
1676 2142 1871 2207 ΑΚΒ,
1918 2138 1980 2193 τὸ

287 2233 509 2283 ΕΛΒΖ
563 2227 971 2300 τετράπλευρον
1026 2226 1166 2300 πρὸς
1219 2226 1280 2283 τὸ
1331 2230 1589 2281 ΛΒΚΜ
1675 2224 1751 2291 ὡς
1805 2225 1866 2281 δὲ
1919 2223 1983 2281 τὸ

287 2315 395 2372 ὑπὸ
440 2323 601 2372 ΑΖΒ
649 2318 789 2389 πρὸς
834 2315 894 2371 τὸ
943 2314 1052 2371 ὑπὸ
1097 2322 1299 2386 ΑΚΒ,
1345 2313 1408 2370 τὸ
1449 2313 1557 2369 ἀπὸ
1601 2320 1703 2369 ΕΖ
1741 2315 1880 2387 πρὸς
1918 2315 1981 2370 τὸ

199 2417 255 2457 25
289 2404 396 2461 ἀπὸ
446 2411 589 2475 ΗΚ,
638 2403 713 2470 ὡς
759 2405 821 2459 δὲ
867 2404 929 2460 τὸ
976 2402 1084 2460 ἀπὸ
1126 2410 1230 2460 ΕΖ
1276 2403 1415 2476 πρὸς
1460 2402 1523 2458 τὸ
1574 2399 1680 2458 ἀπὸ
1728 2407 1872 2475 HK,
1918 2401 1982 2459 τὸ

288 2500 458 2550 ΕΔΖ
496 2497 775 2565 τρίγωνον
814 2492 953 2563 πρὸς
991 2492 1055 2549 τὸ
1087 2497 1266 2548 ΗΘΚ
1299 2496 1598 2562 τρίγωνον·
1639 2491 1731 2547 καὶ
1769 2490 1842 2556 ὡς
1873 2488 1982 2563 ἄρα

287 2582 349 2638 τὸ
399 2588 567 2637 ΕΔΖ
622 2580 760 2652 πρὸς
813 2580 874 2636 τὸ
934 2587 1135 2647 ΗΘΚ,
1190 2582 1251 2636 τὸ
1301 2586 1522 2635 ΕΛΒΖ
1576 2579 1983 2653 τετράπλευρον

288 2671 428 2744 πρὸς
480 2669 542 2726 τὸ
600 2675 858 2725 ΜΛΒΚ.
938 2671 1197 2740 ἐναλλάξ,
1261 2667 1334 2735 ὡς
1387 2667 1448 2724 τὸ
1506 2675 1675 2724 ΕΔΖ
1728 2670 1869 2741 πρὸς
1920 2670 1983 2725 τὸ

291 2766 537 2829 ΕΛΒΖ,
589 2760 764 2824 οὕτως
809 2757 871 2814 τὸ
912 2764 1090 2814 ΗΘΚ
1131 2757 1269 2831 πρὸς
1312 2757 1373 2813 τὸ
1416 2763 1674 2813 ΜΛΒΚ.
1751 2764 1879 2812 ἴσον
1921 2756 1983 2813 δὲ

413 2898 449 2937 1.
485 2888 607 2951 ἐστι’]
646 2889 770 2937 ἐστίν
795 2891 868 2935 W.
992 2897 1032 2936 4.
1071 2892 1314 2950 ZP(a1t..)]
1347 2891 1431 2947 τῆς
1463 2894 1552 2933 ΖΓ
1578 2906 1621 2947 p.
1747 2894 1786 2935 5.
1819 2891 1975 2947 ΛΓΒ]

290 2954 420 2994 ΑΓΒ
453 2965 568 2996 corr.
603 2965 660 2996 ex
691 2954 829 2995 ΑΒΓ
856 2951 937 3007 W3
979 2964 1093 2997 corr.
1128 2952 1301 2997 Comm.
1424 2952 1558 2994 ΛΓΒ
1595 2975 1646 2982 -—
1682 2953 1722 2995 7.
1754 2946 1871 3007 πρὸς
1901 2948 1978 3007 τό]
