2046 3256
149 1067 204 1106 10

149 1512 204 1551 15

148 1957 207 1996 20

154 2400 211 2441 25

239 128 345 183 184
706 132 1145 175 OOMMENTARIA
1174 132 1457 185 ANTIQUA.

233 250 594 322 περιφέρειαν
642 253 742 305 τοῦ
790 251 999 306 κύκλου
1037 248 1316 322 κλώμεναι
1354 248 1454 305 τὸν
1494 246 1669 306 αὐτὸν
1707 252 1934 320 ἔχουσαι

232 338 408 410 λόγον
446 350 567 404 ταῖς
605 344 670 408 Γ,
711 345 778 394 Δ.

347 428 488 498 λέγω
540 426 636 498 δή,
686 425 768 483 ὅτι
817 427 957 501 πρὸς
995 427 1144 502 ἄλλῳ
1185 432 1392 502 σημείω
1433 426 1506 499 μὴ
1548 425 1670 484 ὄντι
1709 426 1798 482 ἐπὶ
1834 428 1935 498 τῆς

237 521 591 589 περιφερείας
632 514 699 572 οὐ
738 521 950 588 γίνεται
990 516 1157 588 λόγος
1195 520 1309 572 τῶν
1349 514 1456 572 ἀπὸ
1495 520 1609 573 τῶν
1649 524 1721 587 A,
1751 521 1798 571 Β
1838 532 1932 587 ση-

239 611 412 677 μείων
462 603 543 661 ἐπ’
597 603 733 662 αὐτὸ
776 607 1254 678 ἐπιζευγνυμένων
1294 604 1536 662 εὐθειῶν
1577 602 1606 661 ὁ
1649 603 1818 671 αὐτὸς
1854 608 1930 678 τῷ

234 698 332 766 τῆς
371 700 424 750 Γ
455 694 596 768 πρὸς
632 702 703 750 Δ.

348 788 398 839 εί
442 783 550 856 γὰρ
599 784 873 855 δυνατόν,
920 786 1194 856 γεγονέτω
1240 784 1379 856 πρὸς
1424 787 1499 859 τῷ
1538 790 1608 840 Μ
1648 781 1802 849 ἐκτὸς
1839 787 1937 854 τῆς

234 878 609 946 περιφερείας·
655 875 748 929 καὶ
788 873 894 945 γὰρ
937 878 987 930 εἰ
1025 874 1182 940 ἐντὸς
1221 878 1487 946 ληφθείη,
1526 873 1589 929 τὸ
1633 871 1770 929 αὐτὸ
1809 871 1935 928 ἄτο-

234 983 343 1018 πον
406 962 746 1034 συμβήσεται
807 961 940 1019 καθ’
1002 964 1197 1035 ἑτέραν
1254 966 1368 1019 τῶν
1422 961 1782 1018 ὑποθέσεων·
1843 961 1935 1016 καὶ

237 1050 659 1124 ἐπεζεύχθωσαν
699 1055 761 1106 αὖ
799 1059 940 1123 ΜΛ,
982 1057 1121 1122 ΜΒ,
1162 1058 1299 1123 ΜΖ,
1343 1052 1437 1107 καὶ
1475 1049 1818 1120 ὑποκείσθω,
1858 1047 1933 1115 ὡς

235 1138 269 1211 ἡ
311 1145 364 1195 Γ
394 1142 534 1213 πρὸς
574 1149 646 1212 Δ,
688 1140 865 1207 οὕτως
902 1139 936 1213 ἡ
975 1148 1108 1197 ΑΜ
1138 1141 1276 1214 πρὸς
1308 1147 1444 1197 ΜΒ.
1507 1145 1658 1196 ἔστιν
1697 1139 1822 1212 ἄρα,
1862 1137 1937 1204 ὥς

236 1228 270 1300 ἡ
312 1235 428 1284 ΕΔ
477 1230 619 1300 πρὸς
667 1237 747 1300 Δ,
797 1230 975 1296 οὕτως
1019 1232 1081 1287 τὸ
1131 1229 1237 1286 άπὸ
1284 1236 1398 1285 ΕΔ
1444 1229 1582 1303 πρὸς
1626 1228 1690 1286 τὸ
1741 1227 1849 1284 άπὸ
1892 1233 1946 1283 Γ

236 1319 330 1373 καὶ
377 1318 439 1374 τὸ
489 1317 597 1375 ἀπὸ
638 1326 774 1375 ΑΜ
811 1318 953 1392 πρὸς
999 1317 1061 1375 τὸ
1104 1317 1211 1375 άπὸ
1253 1325 1389 1376 ΜΒ.
1466 1316 1587 1374 ἀλλ’
1633 1316 1707 1384 ὡς
1745 1315 1779 1389 ἡ
1822 1324 1936 1374 ΕΔ

236 1406 378 1479 πρὸς
424 1415 503 1478 Δ,
552 1407 730 1474 οὕτως
782 1407 1070 1464 ὑπόκειται
1118 1406 1151 1479 ἡ
1202 1415 1310 1464 AZ
1356 1407 1497 1482 πρὸς
1546 1414 1668 1463 ΖΒ·
1723 1407 1816 1463 καὶ
1864 1404 1939 1472 ὥς

238 1495 347 1567 ἄρα
387 1496 420 1567 η
462 1504 570 1552 ΛΖ
608 1497 747 1569 πρὸς
788 1504 908 1568 ΖΒ,
948 1496 1011 1553 τὸ
1051 1495 1161 1554 άπὸ
1203 1504 1338 1553 AM
1368 1497 1508 1570 πρὸς
1546 1496 1607 1553 τὸ
1650 1494 1759 1552 άπὸ
1801 1502 1937 1551 ΜΒ.

236 1584 329 1640 καὶ
385 1585 479 1641 διὰ
533 1586 599 1642 τὰ
656 1587 1091 1659 προδειχθέντα,
1147 1585 1245 1642 ἐὰν
1295 1586 1404 1642 άπὸ
1453 1591 1557 1643 τοῦ
1605 1592 1648 1641 Β
1694 1589 1761 1659 τῇ
1811 1591 1940 1641 AM

238 1673 599 1745 παράλληλον
646 1674 968 1746 ἀγάγωμεν,
1017 1674 1397 1746 δειχθήσεται,
1447 1673 1521 1740 ὡς
1566 1672 1601 1746 ἡ
1642 1681 1751 1731 AZ
1796 1672 1936 1748 πρὸς

240 1768 367 1832 ΖΒ,
406 1761 470 1818 τὸ
512 1763 618 1819 ἀπὸ
659 1770 768 1818 AZ
808 1763 948 1836 πρὸς
985 1764 1049 1820 τὸ
1092 1762 1199 1819 ἀπὸ
1242 1770 1376 1819 ΖΜ
1455 1766 1682 1836 ἐδείχθη
1723 1763 1786 1820 δὲ
1823 1768 1934 1835 καί,

240 1848 314 1916 ὡς
361 1850 394 1923 ἡ
444 1858 552 1907 ΑΖ
598 1851 737 1926 πρὸς
785 1859 912 1923 ΖΒ,
959 1852 1022 1908 τὸ
1072 1851 1179 1908 ἀπὸ
1224 1860 1333 1908 ΑΖ
1379 1857 1517 1924 πρὸς
1560 1856 1624 1909 τὸ
1672 1852 1780 1908 ἀπὸ
1821 1857 1937 1909 ΖΘ.

242 1948 333 2012 ἴση
375 1939 483 2012 ἄρα
523 1939 556 2013 ἡ
602 1947 704 1996 ΖΘ
743 1944 808 2014 τῇ
851 1948 992 1997 ΖΜ·
1034 1941 1169 2012 ὅπερ
1210 1941 1512 1999 ἀδύνατον.

350 2029 513 2086 τόποι
570 2023 675 2086 οὖν
732 2032 982 2086 ἐπίπεδοι
1037 2032 1294 2102 λέγονται
1347 2032 1413 2087 τὰ
1465 2034 1717 2087 τοιαῦτα·
1774 2033 1833 2086 οἰ
1876 2029 1938 2086 δὲ

239 2118 533 2191 λεγόμενοι
580 2120 795 2193 στερεοὶ
841 2119 1001 2176 τόποι
1048 2121 1151 2191 τὴν
1188 2125 1594 2193 προσωνυμίαν
1640 2119 1938 2192 ἐσχήκασιν

241 2206 348 2264 άπὸ
403 2211 506 2264 τοῦ
560 2207 660 2274 τὰς
713 2207 995 2280 γραμμάς,
1054 2207 1129 2264 δι’
1190 2202 1272 2265 ὧν
1325 2209 1640 2282 γράφονται
1693 2207 1761 2265 τὰ
1813 2204 1933 2263 κατ’

241 2294 448 2362 αὐτοὺς
493 2296 883 2369 προβλήματα,
932 2300 990 2353 ἐκ
1035 2301 1134 2369 τῆς
1180 2301 1350 2370 τομῆς
1394 2307 1510 2354 τῶν
1557 2300 1797 2369 στερεῶν
1838 2295 1939 2367 τὴν

245 2387 469 2455 γένεσιν
525 2390 697 2456 ἔχειν,
755 2381 875 2441 οἶαί
925 2390 1069 2442 εἰσιν
1125 2389 1186 2442 αἰ
1234 2395 1336 2442 τοῦ
1391 2386 1579 2442 κώνου
1634 2385 1798 2457 τομαὶ
1846 2385 1939 2440 καὶ

245 2475 424 2546 ἕτεραι
463 2479 702 2540 πλείους.
781 2475 889 2530 εἰσὶ
933 2475 994 2531 δὲ
1033 2475 1125 2530 καὶ
1166 2473 1326 2531 ἄλλοι
1366 2475 1527 2532 τόποι
1565 2473 1705 2547 πρὸς
1744 2472 1937 2545 ἐπιφά·

243 2585 403 2618 νειαν
450 2561 768 2634 λεγόμενοι,
819 2568 878 2618 οἳ
920 2563 1023 2634 την
1066 2566 1388 2635 ἐπωνυμίαν
1431 2569 1655 2636 ἔχουσιν
1696 2560 1802 2618 ἀπὸ
1839 2565 1938 2633 τῆς

243 2651 366 2723 περὶ
409 2649 613 2716 αὐτοὺς
652 2651 942 2722 ἰδιότητος.

363 2879 404 2918 2.
439 2873 505 2931 Γ]
538 2877 574 2916 Α
607 2874 719 2931 Wp,
753 2886 869 2918 corr.
901 2874 956 2918 U.
1079 2879 1118 2920 3
1154 2871 1296 2947 ἄλλω]
1331 2887 1445 2919 corr.
1479 2888 1535 2917 ex
1568 2870 1679 2917 ἄλλο
1709 2887 1768 2918 m.
1805 2878 1828 2917 1
1861 2873 1936 2918 W.

304 2938 344 2977 4.
378 2933 471 2977 τῶν
505 2933 561 2991 A]
595 2931 771 2990 scripsi,
803 2938 839 2976 A
871 2931 986 2989 Wp.
1156 2939 1195 2978 9.
1232 2920 1419 2992 ετέραν]
1455 2947 1539 2978 scr.
1575 2928 1820 2988 ἑκατέραν.
