2034 3216
241 149 313 201 36
910 150 1188 195 ΚΩΝΙΚΩΝ
1219 152 1247 194 δ
1258 147 1283 195 ’.

238 267 341 323 οὐκ
381 272 551 339 ἔσται,
592 266 668 333 ὡς
705 266 739 339 ἡ
775 272 880 323 ΓΛ
917 267 1057 340 πρὸς
1090 275 1218 340 ΛΘ,
1258 266 1292 339 ἡ
1325 274 1440 324 ΓΗ
1475 267 1616 339 πρὸς
1647 275 1776 338 ΗΘ,
1816 267 1939 326 ἀλλ’

237 354 379 427 ἄλλη
420 378 502 422 τις
540 354 679 428 πρὸς
719 353 909 427 ἄλλην.
972 360 1023 412 εἰ
1060 356 1122 412 δὲ
1162 356 1236 412 δι’
1282 355 1582 428 οὐδετέρου
1617 361 1732 414 τῶν
1771 364 1843 429 Κ,
1868 364 1943 429 Η,

238 443 530 517 ἀμφότερα
569 443 635 499 τοὶ
675 443 928 501 ἀδύνατα
962 445 1316 518 συμβήσεται.

1037 602 1105 650 κγ
1132 624 1143 636 .

177 684 203 724 5
333 664 628 722 ’Έστωσαν
675 667 843 723 πάλιν
892 666 1268 739 ἆντικείμεναι
1315 671 1378 724 αἰ
1419 676 1497 738 Α,
1523 673 1596 739 Β,
1642 669 1735 724 καὶ
1781 670 1844 725 τὸ
1888 675 1944 724 Δ

236 765 469 825 σημεῖον
501 758 563 812 ἐν
597 760 661 830 τῇ
696 759 894 828 ἐφεξῆς
924 761 1104 830 γωνίᾳ
1142 760 1239 828 τῆς
1269 755 1378 813 ὑπὸ
1413 760 1526 813 τῶν
1557 757 1942 828 ἄσυμπτώτων

236 846 651 916 περιεχομένης,
691 845 784 900 καὶ
824 843 856 916 ἡ
898 845 1000 917 μὲν
1031 851 1143 900 ΒΔ
1182 846 1342 917 ἤχθω
1382 846 1482 918 τὴν
1515 852 1562 901 Β
1600 843 1778 917 τομὴν
1808 843 1938 902 καθ’

234 933 296 986 ἓν
351 931 533 1002 μόνον
589 935 892 1005 τέμνουσα,
948 937 1012 1006 τῇ
1070 934 1133 990 δὲ
1188 935 1347 1010 ἑτέρᾳ
1399 938 1514 991 τῶν
1561 933 1942 1006 ἆσυμπτώτων

237 1020 609 1093 παράλληλος,
649 1022 682 1095 ἡ
726 1024 788 1080 δὲ
818 1030 873 1078 A
884 1031 936 1078 A
972 1025 1076 1094 τὴν
1109 1031 1162 1079 Α
1199 1024 1376 1095 τομὴν
1417 1022 1640 1095 ὁμοίως,
1677 1024 1771 1079 καὶ
1803 1028 1941 1080 ἔστω

155 1126 209 1167 10
241 1114 333 1178 ἴση
373 1107 407 1180 ἡ
450 1110 552 1181 μὲν
583 1119 694 1167 ΛΒ
732 1116 797 1186 τῇ
831 1118 962 1182 ΒΗ,
1001 1109 1033 1182 ἡ
1072 1111 1134 1168 δὲ
1165 1119 1283 1168 ΔΑ
1319 1116 1386 1186 τῇ
1416 1119 1545 1169 ΑΚ.

348 1199 519 1270 λέγω,
563 1198 648 1255 ὅτι
680 1198 713 1271 ἡ
755 1199 848 1255 διὰ
887 1203 1001 1256 τῶν
1032 1206 1104 1270 Κ,
1133 1207 1196 1255 Η
1228 1200 1534 1272 συμβάλλει
1572 1212 1691 1267 ταῖς
1727 1212 1938 1272 τομαῖς,

232 1284 326 1339 καὶ
366 1289 430 1340 αἱ
462 1286 573 1343 ἀπὸ
615 1291 730 1344 τῶν
771 1287 1146 1360 συμπτώσεων
1195 1290 1282 1345 ἐπὶ
1321 1291 1384 1346 τὸ
1428 1297 1482 1344 Λ
1528 1287 1798 1360 ἀγόμεναι
1846 1291 1938 1360 ε’φ-

234 1371 475 1439 άψονται
514 1379 628 1431 τῶν
666 1386 869 1448 τομῶν.

346 1460 621 1534 ἤχθωσαν
646 1464 1023 1536 ἐφαπτόμεναι
1048 1468 1111 1521 αἱ
1132 1472 1262 1536 ΔΕ,
1281 1473 1408 1537 ΔΖ,
1441 1467 1533 1522 καὶ
1559 1468 1938 1537 ἐπιζευχθεῖσα

149 1569 202 1610 15
235 1547 269 1619 ἡ
311 1556 440 1622 ΕΖ,
482 1557 534 1608 εἰ
571 1553 835 1623 δυνατόν,
875 1555 949 1624 μὴ
990 1555 1238 1626 ἐρχέσθω
1280 1552 1374 1609 διὰ
1412 1558 1524 1610 τῶν
1566 1560 1636 1626 Κ,
1663 1560 1734 1610 H.
1812 1553 1936 1624 ἤτοι

234 2594 304 2662 δη
354 2591 447 2646 διὰ
501 2594 602 2646 τοῦ
642 2591 834 2664 ἑτέρου
874 2590 1062 2648 αὐτῶν
1103 2593 1383 2648 ἐλεύσεται
1423 2592 1456 2663 ἢ
1499 2591 1574 2648 δι’
1613 2594 1928 2669 οὐδετέρου,

232 2679 326 2733 καὶ
362 2677 487 2749 ἤτοι
517 2676 551 2749 ἡ
586 2685 703 2735 ΔΑ
737 2679 838 2735 οὐκ
871 2685 1022 2736 ἔσται
1055 2689 1145 2751 ἴση
1176 2683 1244 2753 τῇ
1275 2686 1407 2751 ΑΚ,
1449 2680 1590 2737 ἀλλὰ
1622 2682 1760 2758 ἄλλῃ
1792 2690 1929 2742 τινί·
1993 2697 1996 2700 ’

354 2816 390 2858 1.
427 2812 543 2870 ΗΘ]
586 2813 681 2856 ΘΚ
709 2812 773 2866 V3
815 2826 931 2857 corr.
964 2814 1156 2857 Memus.
1302 2818 1342 2857 2.
1377 2809 1633 2870 οὐδετέρας
1664 2815 1766 2872 Vp3
1810 2830 1924 2862 corr.

232 2869 414 2925 Halley.
539 2874 579 2914 5.
616 2871 674 2929 A]
708 2875 750 2914 Δ
775 2870 876 2927 Vp3
911 2885 1026 2918 corr.
1045 2871 1238 2917 Memus.
1362 2877 1431 2916 12.
1464 2872 1801 2933 συμπτώσεων]
1834 2888 1923 2932 cp3

234 2925 520 2985 σνμπτώτων
550 2929 605 2973 V.
