2046 3256
266 138 376 190 242
748 139 1187 184 COMMENTARIA
1216 141 1499 194 ANTIQUA.

917 275 1011 338 εἰς
1047 272 1117 329 τὸ
1160 270 1333 330 αὐτό.

378 374 875 447 τετραπλεύρου
908 374 1100 442 ὄντος
1132 380 1248 433 τοῦ
1273 383 1527 433 ΛΑΔΗ
1549 378 1731 451 ἤχθω
1756 382 1828 452 τῇ
1854 385 1968 435 ΛΑ

265 464 684 538 παράλληλος
723 463 757 536 ἡ
802 470 964 521 ΓΚΒ
1005 464 1476 539 άποτέμνουσα
1514 466 1583 524 τὸ
1626 472 1803 523 ΓΗΚ
1835 475 1968 541 τρί-

264 575 484 625 γωνον
534 557 617 630 τῷ
666 560 914 610 ΛΑΔΗ
958 556 1417 632 τετραπλεύρῳ
1471 561 1643 627 ἴσον]
1690 561 1855 615 τοῦτο
1904 557 1968 614 δὲ

206 655 232 694 5
264 642 573 715 ποιήσομεν
613 640 810 709 οὕτως·
853 644 951 700 ἐὰν
990 646 1114 715 γάρ,
1156 642 1226 710 ὡς
1269 646 1330 701 ἐν
1362 656 1479 711 τοῖς
1512 650 1805 718 στοιχείοις
1837 646 1967 718 ἐμά-

265 740 473 804 θομεν,
527 734 601 808 τῷ
651 731 882 788 δοθέντι
930 732 1315 809 εὐθυγράμμῳ
1363 737 1439 809 τῷ
1489 740 1742 791 ΛΑΔΗ
1778 757 1966 807 τετρα-

262 819 484 895 πλεύρῳ
527 827 652 876 ἴσον
691 821 785 876 καὶ
825 819 975 896 ἄλλῳ
1015 825 1090 897 τῷ
1131 824 1361 878 δοθέντι
1391 826 1468 898 τῷ
1501 828 1679 878 ΑΕΔ
1708 824 1964 902 τριγώνῳ

265 908 468 981 ὅμοιον
500 908 564 965 τὸ
599 908 736 965 αὐτὸ
763 909 1174 982 συστησώμεθα
1205 910 1267 966 τὸ
1294 917 1478 983 ΣΤΥ,
1513 910 1652 968 ὥστε
1684 910 1966 986 ὁμόλογον

265 996 411 1054 εἶναι
457 996 562 1070 τὴν
609 1004 726 1054 ΣΥ
763 1002 828 1072 τῇ
879 1007 1020 1070 ΑΔ,
1065 1001 1157 1055 καὶ
1197 997 1567 1072 ἀπολάβωμεν
1607 1005 1672 1075 τῇ
1713 1001 1817 1073 μὲν
1854 1009 1973 1059 ΣΥ

180 1102 235 1141 10
270 1094 399 1158 ἴσην
447 1086 551 1159 τὴν
589 1093 735 1156 ΗΚ,
781 1090 848 1161 τῇ
889 1088 951 1144 δὲ
997 1094 1102 1145 ΤΥ
1139 1096 1267 1160 ἴσην
1305 1088 1410 1161 τὴν
1451 1096 1587 1161 ΗΓ,
1625 1092 1718 1148 καὶ
1757 1092 1964 1160 ἐπιζεύ-

265 1178 444 1247 ξωμεν
499 1175 601 1247 τὴν
651 1181 782 1248 ΓΚ,
839 1180 991 1232 ἔσται
1045 1177 1108 1234 τὸ
1166 1178 1521 1251 ζητούμενον.
1608 1178 1722 1236 ἐπεὶ
1771 1179 1879 1254 γὰρ
1927 1179 1963 1253 ἡ

261 1263 402 1337 πρὸς
438 1274 515 1340 τῷ
561 1271 609 1320 Υ
642 1269 818 1336 γωνία
859 1273 950 1336 ἴση
992 1266 1106 1321 ἐστὶ
1144 1270 1211 1340 τῇ
1251 1275 1322 1338 Δ,
1363 1268 1614 1324 τουτέστι
1653 1271 1718 1341 τῇ
1750 1274 1826 1339 Η,
1869 1271 1963 1325 διὰ

261 1357 428 1410 τοῦτο
478 1360 605 1409 ἴσον
651 1354 745 1409 καὶ
794 1352 993 1426 ὅμοιον
1040 1354 1102 1411 τὸ
1144 1361 1322 1411 ΓΗΚ
1361 1364 1436 1433 τῷ
1477 1362 1660 1412 ΣΤΥ.
1737 1358 1830 1413 καὶ
1870 1365 1963 1430 ἴση

262 1441 297 1514 ἡ
339 1447 393 1498 Γ
422 1447 599 1514 γωνία
639 1446 705 1515 τῇ
748 1449 816 1514 Ε,
855 1447 953 1499 καί
988 1447 1133 1499 εἰσιν
1174 1444 1429 1512 ἐναλλάξ·
1469 1445 1822 1518 παράλληλος
1852 1445 1962 1519 ἄρα

178 1545 232 1584 15
267 1531 419 1587 ἐστὶν
459 1529 493 1603 ἡ
536 1536 647 1588 ΓΚ
681 1535 747 1604 τῇ
790 1538 913 1588 ΑΕ.

377 1618 630 1692 φανερὸν
672 1620 761 1692 δή,
804 1619 915 1693 ὅτι,
961 1620 1097 1678 ὅταν
1137 1619 1171 1694 ἡ
1211 1628 1319 1677 ΑΒ
1358 1621 1508 1690 ἄξων
1548 1624 1722 1694 ἐστίν,
1762 1621 1796 1695 ἡ
1837 1629 1967 1679 MA

264 1708 565 1781 ἐφάπτεται
610 1713 708 1780 τῆς
753 1713 948 1781 τομῆς,
1006 1712 1140 1767 ὅταν
1188 1710 1249 1766 δὲ
1296 1710 1369 1782 μὴ
1419 1712 1596 1782 ἄξων,
1649 1713 1859 1783 τέμνει,
1914 1714 1967 1767 εἰ

262 1798 403 1871 πρὸς
444 1796 622 1871 ὀρθὰς
662 1796 854 1869 ἄγεται
892 1798 1115 1865 πάντως
1152 1808 1218 1872 τῇ
1260 1801 1549 1874 διαμέτρῳ.

921 1964 1039 2026 Εἰς
1077 1960 1148 2017 τὸ
1189 1961 1296 2033 κη’.

177 2079 235 2119 20
366 2063 503 2136 Ὅτι,
550 2061 655 2121 κᾶν
703 2063 737 2136 ἡ
786 2070 894 2120 ΓΛ
941 2066 1112 2139 τέμνῃ
1157 2064 1262 2137 τὴν
1308 2062 1654 2137 ὑπερβολήν,
1707 2064 1775 2123 τὰ
1821 2065 1961 2123 αὐτὰ

266 2153 626 2227 συμβήσεται,
670 2152 855 2227 ὥσπερ
898 2155 984 2211 ἐπὶ
1025 2156 1126 2211 τοῦ
1169 2153 1661 2211 ὀκτωκαιδεκάτου.

944 2322 1059 2383 Εἰς
1097 2319 1170 2373 τὸ
1211 2316 1279 2373 λ’.

337 2420 467 2474 Καὶ
507 2417 589 2485 ὡς
628 2421 752 2492 ἄρα
793 2421 894 2476 ἐπὶ
931 2421 1047 2492 μὲν
1079 2424 1191 2493 τῆς
1224 2423 1578 2486 ἐλλείψεως
1610 2423 1958 2491 συνθέντι,

263 2508 368 2564 ἐπὶ
425 2508 495 2563 δὲ
549 2511 677 2564 τῶν
735 2507 1216 2581 ἀντικειμένων
1267 2508 1600 2565 ἀνάπαλιν
1645 2510 1754 2566 καὶ
1801 2507 1956 2565 άνα-

382 2706 421 2746 5.
449 2701 714 2759 στοιχείοις]
734 2716 789 2756 w,
818 2703 1019 2758 στυχιόις
1045 2715 1070 2746 e
1092 2716 1204 2746 corr.
1223 2701 1297 2758 W,
1324 2703 1582 2758 oxothocsp
1678 2706 1718 2746 6.
1743 2701 1805 2758 τῷ
1816 2702 1909 2772 (pr.
1916 2702 1956 2756 >J

262 2757 314 2804 ἐν
347 2761 409 2819 τῷ
449 2761 549 2817 Wp
518 2775 571 2817 Ρ,
612 2774 726 2805 corr.
761 2760 936 2806 Comm.
1094 2766 1132 2806 7.
1171 2762 1313 2806 ΑΘΔ
1344 2775 1390 2817 Ρ.
1542 2766 1581 2806 8.
1624 2758 1677 2804 τὸ
1709 2746 1849 2832 αὐτό]
1890 2761 1952 2819 τῷ

260 2815 388 2878 αὐτῷ
422 2819 535 2877 Wp,
570 2833 684 2865 corr.
710 2818 891 2875 Halley.
1015 2818 1374 2893 συστησώμεθα]
1409 2818 1587 2876 scripsi,
1621 2805 1954 2875 συστησάμεθα

261 2866 375 2935 Wp.
499 2884 539 2924 9.
573 2882 669 2923 ΕΤ
690 2895 733 2936 Ρ.
851 2879 906 2936 τῇ
928 2879 1024 2936 (alt.
1029 2880 1066 2938 )]
1093 2878 1178 2936 τήν
1204 2879 1317 2937 Wp,
1350 2891 1463 2922 corr.
1491 2879 1667 2923 Comm.
1791 2880 1887 2922 ΕΥ
1906 2891 1951 2933 Ρ.

323 2943 391 2983 10.
425 2935 531 2996 τήν]
566 2943 619 2997 τῇ
653 2937 774 2995 Wp,
818 2951 930 2983 corr.
964 2937 1137 2985 Comm
1289 2938 1403 2983 Post
1436 2940 1537 2981 HK
1566 2936 1658 2984 de]
1691 2933 1777 2994 τὴν
1810 2934 1862 2982 δὲ
1895 2954 1952 2981 τυ
