2046 3256
255 176 326 230 86
926 178 1206 223 ΚΩΝῙΚῼΝ
1237 175 1301 226 δ’.

1058 329 1168 384 νδ’.

359 429 495 486 Ἐὰν
557 428 843 504 ὑπερβολὴ
906 434 1036 503 μιᾶς
1089 435 1203 488 τῶν
1258 430 1660 503 ἀντικειμένων
1715 429 1957 505 ἐπιψαύῃ

252 518 709 592 ἀντεστραμμένα
746 518 814 575 τὰ
854 519 1029 594 κυρτὰ
1071 525 1302 593 ἔχουσα,
1350 517 1385 592 ἡ
1427 518 1777 592 ἀντικειμένη
1817 517 1958 594 αὐτῇ

250 613 317 683 τῇ
358 609 518 683 ἑτέρᾳ
556 612 670 665 τῶν
709 607 1111 681 ἀντικειμένων
1154 607 1222 666 οὐ
1263 619 1637 682 συμπεσεῖται.
2027 672 2033 681 Ἰ

191 710 218 748 5
363 702 613 755 ἔστωσαν
646 696 1023 770 ἀντικείμεναι
1056 701 1119 753 αἱ
1138 705 1210 770 Α,
1237 704 1302 769 Β,
1341 698 1435 754 καὶ
1465 700 1562 770 τῆς
1585 705 1640 753 A
1667 700 1840 770 τομῆς
1863 699 1957 769 έφ-

250 789 512 844 απτέσθω
553 786 838 861 ὑπερβολή
875 809 958 853 τις
997 785 1031 859 ἡ
1064 793 1185 843 ΑΔ
1223 787 1360 844 κατὰ
1391 786 1454 843 τὸ
1488 792 1561 859 Α,
1601 785 1956 860 ἀντικειμένη
2040 802 2046 882 ἑ

250 876 312 932 δὲ
350 880 448 948 τῆς
487 884 605 933 ΑΔ
644 881 782 932 ἔστω
823 875 857 949 ἡ
901 883 960 932 Ζ,
1037 877 1198 948 λέγω,
1240 875 1325 933 ὅτι
1365 873 1399 948 ἡ
1442 882 1487 933 Ζ
1524 879 1592 950 τῇ
1630 882 1678 932 Β
1719 873 1789 933 οὐ
1826 892 1957 949 συμ-
2042 883 2046 919 ¹=

249 977 509 1022 πεσεῖται.

360 1054 522 1126 ἤχθω
572 1053 680 1112 ἀπὸ
729 1056 832 1112 τοῦ
872 1063 925 1111 A
965 1055 1321 1127 ἐφαπτομένη
1361 1058 1474 1111 τῶν
1512 1056 1702 1127 τομῶν
1739 1051 1775 1126 ἡ
1815 1061 1869 1110 A
1882 1058 1955 1111 Γ·

161 1141 282 1215 1οἡ
332 1142 442 1216 ἄρα
490 1149 605 1200 ΑΓ
647 1143 741 1200 διὰ
788 1145 890 1217 μὲν
936 1143 1039 1216 τὴν
1087 1151 1207 1199 ΑΛ
1254 1141 1322 1199 οὐ
1372 1154 1733 1215 συμπεσεῖται
1778 1146 1845 1217 τῇ
1892 1149 1956 1214 Ζ,

249 1231 342 1288 διὰ
393 1232 455 1289 δὲ
508 1231 609 1305 τὴν
664 1241 718 1289 Α
773 1231 841 1290 οὐ
896 1243 1255 1305 συμπεσεῖται
1304 1235 1371 1306 τῇ
1420 1238 1483 1288 Β.
1568 1229 1709 1289 ὥστε
1763 1230 1799 1305 ἡ
1847 1237 1963 1289 ΑΓ

247 1321 450 1394 μεταξὺ
488 1334 733 1379 πεσεῖται
772 1326 887 1380 τῶν
926 1328 1000 1394 Β,
1043 1328 1087 1377 Ζ
1125 1324 1327 1394 τομῶν.
1405 1321 1497 1378 καὶ
1541 1321 1824 1394 φανερόν,
1870 1320 1956 1379 ὅτι

247 1409 282 1483 ἡ
324 1417 371 1467 Β
412 1415 478 1485 τῇ
521 1418 565 1467 Ζ
606 1411 674 1468 οὐ
715 1423 1089 1484 συμπεσεῖται.

1053 1558 1154 1615 νε’.

161 1676 215 1716 15
355 1662 755 1736 Ἀντικείμεναι
788 1661 1171 1737 ἀντικειμένας
1205 1661 1273 1718 οὐ
1305 1663 1572 1734 τέμνουσι
1603 1661 1741 1720 κατὰ
1769 1666 1954 1719 πλείο-

251 1775 323 1808 να
365 1764 564 1824 σημεῖα
603 1749 638 1824 ἢ
678 1753 933 1825 τέσσαρα.
1210 1769 1261 1811 Α
1895 1777 1942 1816 Δ

362 1845 613 1897 ἔστωσαν
674 1841 782 1915 γὰρ
844 1841 1148 1914 ἀντικείμε-

249 1953 344 1986 ναι
394 1933 455 1986 αἱ
491 1937 626 2001 ΑΒ,
667 1935 771 1985 ΓΔ
824 1931 916 1985 καὶ
966 1932 1147 2003 ἕτεραι

250 2018 625 2091 ἀντικείμεναι
657 2022 719 2076 αἱ
747 2025 993 2090 ΑΒΓΔ,
1024 2025 1147 2091 ΕΖ,
1310 2013 1353 2052 B
1789 2012 1836 2052 Γ

158 2121 215 2161 20
249 2108 341 2163 καὶ
426 2109 667 2181 τεμνέτω
752 2108 1029 2182 πρότερον
1112 2107 1147 2181 ἡ

247 2202 484 2252 ΑΒΓΔ
532 2196 672 2269 τομὴ
722 2198 988 2270 ἑκατέραν
1033 2201 1147 2254 τῶν

247 2291 375 2356 ΑΒ,
415 2291 529 2342 ΓΔ
578 2288 716 2342 κατὰ
764 2287 1005 2359 τέσσαρα
1054 2303 1146 2359 ση-

248 2385 376 2445 μεῖα
429 2372 495 2429 τὰ
552 2381 630 2446 Α,
670 2381 744 2445 Β,
784 2380 854 2445 Γ,
892 2382 946 2429 Δ
992 2373 1146 2431 ἀντε-
1366 2386 1703 2481 Α

249 2464 571 2535 στραμμένα
610 2461 678 2518 τὰ
708 2465 882 2535 κυρτὰ
924 2468 1144 2535 ἔχουσα,
1310 2457 1364 2497 Ε
1707 2455 1751 2493 Z

157 2564 215 2605 25
250 2548 324 2617 ὡς
364 2551 451 2606 ἐπὶ
497 2554 593 2622 τῆς
642 2551 865 2624 πρώτης
906 2556 1281 2626 καταγραφῆς.
1356 2550 1390 2623 ἡ
1439 2552 1548 2625 ἄρα
1595 2550 1945 2624 ἀντικειμένη

247 2642 313 2713 τῇ
354 2642 603 2709 ΑΒΓΔ,
651 2640 938 2696 τουτέστιν
986 2639 1019 2712 ἡ
1063 2648 1192 2709 ΕΖ,
1241 2639 1476 2714 οὐδεμιᾷ
1523 2644 1638 2697 τῶν
1676 2647 1803 2712 ΑΒ,
1835 2645 1948 2696 ΓΔ

251 2738 624 2800 συμπεσεῖται.
1653 2746 1658 2750 ’

247 2910 278 2916 -
372 2839 439 2908 1ὲ.
479 2861 535 2919 τῇ
571 2861 633 2920 Ζ]
677 2874 800 2918 cvp,
840 2866 896 2919 τῆ
932 2853 978 2916 ἵζ’
1003 2862 1058 2918 V,
1101 2865 1155 2907 ut
1187 2862 1388 2919 saepius.
1543 2867 1612 2907 16.
1645 2859 1866 2921 τέσσαρα]
1899 2878 1945 2920 p,

250 2923 278 2965 ε
303 2920 368 3024 ξὲ
415 2924 779 3037 ΑΒΙΞΞΙᾼΞΔΓ
803 2936 847 2978 p.
970 2927 1041 2967 21.
1075 2925 1266 2966 ΑΒΔΓ
1292 2937 1336 2979 p.
1460 2926 1530 2966 23.
1568 2921 1621 2976 Γ,
1647 2921 1710 2980 Δ]
1745 2926 1801 2978 Δ,
1828 2924 1873 2965 Γ
1897 2937 1943 2980 p.
